%YAML 1.1
%TAG !u! tag:unity3d.com,2011:
--- !u!29 &1
SceneSettings:
  m_ObjectHideFlags: 0
  m_PVSData: 
  m_PVSObjectsArray: []
  m_PVSPortalsArray: []
  m_OcclusionBakeSettings:
    smallestOccluder: 5
    smallestHole: 0.25
    backfaceThreshold: 100
--- !u!196 &2
NavMeshSettings:
  serializedVersion: 2
  m_ObjectHideFlags: 0
  m_BuildSettings:
    serializedVersion: 2
    agentRadius: 0.5
    agentHeight: 2
    agentSlope: 45
    agentClimb: 0.4
    ledgeDropHeight: 0
    maxJumpAcrossDistance: 0
    accuratePlacement: 0
    minRegionArea: 2
    cellSize: 0.16666667
    manualCellSize: 0
  m_NavMeshData: {fileID: 0}
--- !u!104 &13
RenderSettings:
  m_ObjectHideFlags: 0
  serializedVersion: 6
  m_Fog: 0
  m_FogColor: {r: 0.5, g: 0.5, b: 0.5, a: 1}
  m_FogMode: 3
  m_FogDensity: 0.01
  m_LinearFogStart: 0
  m_LinearFogEnd: 300
  m_AmbientSkyColor: {r: 0.2, g: 0.2, b: 0.2, a: 1}
  m_AmbientEquatorColor: {r: 0.2, g: 0.2, b: 0.2, a: 1}
  m_AmbientGroundColor: {r: 0.2, g: 0.2, b: 0.2, a: 1}
  m_AmbientIntensity: 1
  m_AmbientMode: 3
  m_SkyboxMaterial: {fileID: 0}
  m_HaloStrength: 0.5
  m_FlareStrength: 1
  m_FlareFadeSpeed: 3
  m_HaloTexture: {fileID: 0}
  m_SpotCookie: {fileID: 10001, guid: 0000000000000000e000000000000000, type: 0}
  m_DefaultReflectionMode: 0
  m_DefaultReflectionResolution: 128
  m_ReflectionBounces: 1
  m_ReflectionIntensity: 1
  m_CustomReflection: {fileID: 0}
  m_Sun: {fileID: 0}
--- !u!157 &17
LightmapSettings:
  m_ObjectHideFlags: 0
  serializedVersion: 6
  m_GIWorkflowMode: 1
  m_LightmapsMode: 1
  m_GISettings:
    serializedVersion: 2
    m_BounceScale: 1
    m_IndirectOutputScale: 1
    m_AlbedoBoost: 1
    m_TemporalCoherenceThreshold: 1
    m_EnvironmentLightingMode: 0
    m_EnableBakedLightmaps: 1
    m_EnableRealtimeLightmaps: 0
  m_LightmapEditorSettings:
    serializedVersion: 3
    m_Resolution: 1
    m_BakeResolution: 40
    m_TextureWidth: 1024
    m_TextureHeight: 1024
    m_AOMaxDistance: 1
    m_Padding: 2
    m_CompAOExponent: 0
    m_LightmapParameters: {fileID: 0}
    m_TextureCompression: 1
    m_FinalGather: 0
    m_FinalGatherRayCount: 1024
    m_ReflectionCompression: 2
  m_LightingDataAsset: {fileID: 0}
  m_RuntimeCPUUsage: 25
--- !u!1 &19
GameObject:
  m_ObjectHideFlags: 0
  m_PrefabParentObject: {fileID: 0}
  m_PrefabInternal: {fileID: 0}
  serializedVersion: 4
  m_Component:
  - 4: {fileID: 21}
  - 114: {fileID: 20}
  m_Layer: 0
  m_Name: GUIresume
  m_TagString: Untagged
  m_Icon: {fileID: 0}
  m_NavMeshLayer: 0
  m_StaticEditorFlags: 0
  m_IsActive: 1
--- !u!114 &20
MonoBehaviour:
  m_ObjectHideFlags: 0
  m_PrefabParentObject: {fileID: 0}
  m_PrefabInternal: {fileID: 0}
  m_GameObject: {fileID: 19}
  m_Enabled: 1
  m_EditorHideFlags: 0
  m_Script: {fileID: 11500000, guid: 2c410e44b83f1487d9da8b7b43c46155, type: 3}
  m_Name: 
  m_EditorClassIdentifier: 
  theNumOfPumks: 105
  theNumOfLevels: 12
  fadeSpeed: 2
  loopSpeed: 0
  delay: 0
  splashTexture: {fileID: 0}
  startBackground:
    m_Name: 
    m_Normal:
      m_Background: {fileID: 2800000, guid: 837caf72c4f9540aaa3f0dbb3fb1665e, type: 3}
      m_TextColor:
        r: 0
        g: 0
        b: 0
        a: 1
    m_Hover:
      m_Background: {fileID: 0}
      m_TextColor:
        r: 0
        g: 0
        b: 0
        a: 1
    m_Active:
      m_Background: {fileID: 0}
      m_TextColor:
        r: 0
        g: 0
        b: 0
        a: 1
    m_Focused:
      m_Background: {fileID: 0}
      m_TextColor:
        r: 0
        g: 0
        b: 0
        a: 1
    m_OnNormal:
      m_Background: {fileID: 0}
      m_TextColor:
        r: 0
        g: 0
        b: 0
        a: 1
    m_OnHover:
      m_Background: {fileID: 0}
      m_TextColor:
        r: 0
        g: 0
        b: 0
        a: 1
    m_OnActive:
      m_Background: {fileID: 0}
      m_TextColor:
        r: 0
        g: 0
        b: 0
        a: 1
    m_OnFocused:
      m_Background: {fileID: 0}
      m_TextColor:
        r: 0
        g: 0
        b: 0
        a: 1
    m_Border:
      m_Left: 0
      m_Right: 0
      m_Top: 0
      m_Bottom: 0
    m_Padding:
      m_Left: 0
      m_Right: 0
      m_Top: 0
      m_Bottom: 0
    m_Margin:
      m_Left: 0
      m_Right: 0
      m_Top: 0
      m_Bottom: 0
    m_Overflow:
      m_Left: 0
      m_Right: 0
      m_Top: 0
      m_Bottom: 0
    m_Font: {fileID: 0}
    m_ImagePosition: 0
    m_Alignment: 0
    m_WordWrap: 0
    m_TextClipping: 1
    m_ContentOffset: {x: 0, y: 0}
    m_FixedWidth: 0
    m_FixedHeight: 0
    m_StretchWidth: 1
    m_StretchHeight: 0
  resumeButton:
    m_Name: 
    m_Normal:
      m_Background: {fileID: 2800000, guid: 876314259de2841b5abd0bd564455cb9, type: 3}
      m_TextColor:
        r: 0
        g: 0
        b: 0
        a: 1
    m_Hover:
      m_Background: {fileID: 0}
      m_TextColor:
        r: 0
        g: 0
        b: 0
        a: 1
    m_Active:
      m_Background: {fileID: 2800000, guid: fa9483e18279c48c79e164110f716082, type: 3}
      m_TextColor:
        r: 0
        g: 0
        b: 0
        a: 1
    m_Focused:
      m_Background: {fileID: 0}
      m_TextColor:
        r: 0
        g: 0
        b: 0
        a: 1
    m_OnNormal:
      m_Background: {fileID: 0}
      m_TextColor:
        r: 0
        g: 0
        b: 0
        a: 1
    m_OnHover:
      m_Background: {fileID: 0}
      m_TextColor:
        r: 0
        g: 0
        b: 0
        a: 1
    m_OnActive:
      m_Background: {fileID: 0}
      m_TextColor:
        r: 0
        g: 0
        b: 0
        a: 1
    m_OnFocused:
      m_Background: {fileID: 0}
      m_TextColor:
        r: 0
        g: 0
        b: 0
        a: 1
    m_Border:
      m_Left: 0
      m_Right: 0
      m_Top: 0
      m_Bottom: 0
    m_Padding:
      m_Left: 0
      m_Right: 0
      m_Top: 0
      m_Bottom: 0
    m_Margin:
      m_Left: 0
      m_Right: 0
      m_Top: 0
      m_Bottom: 0
    m_Overflow:
      m_Left: 0
      m_Right: 0
      m_Top: 0
      m_Bottom: 0
    m_Font: {fileID: 0}
    m_ImagePosition: 0
    m_Alignment: 0
    m_WordWrap: 0
    m_TextClipping: 1
    m_ContentOffset: {x: 0, y: 0}
    m_FixedWidth: 0
    m_FixedHeight: 0
    m_StretchWidth: 1
    m_StretchHeight: 0
  newGameButton:
    m_Name: 
    m_Normal:
      m_Background: {fileID: 2800000, guid: 933b3bca187d74012b07fc2dff0c3cb5, type: 3}
      m_TextColor:
        r: 0
        g: 0
        b: 0
        a: 1
    m_Hover:
      m_Background: {fileID: 0}
      m_TextColor:
        r: 0
        g: 0
        b: 0
        a: 1
    m_Active:
      m_Background: {fileID: 2800000, guid: 2a90702087ddc447cb355d8496db09ee, type: 3}
      m_TextColor:
        r: 0
        g: 0
        b: 0
        a: 1
    m_Focused:
      m_Background: {fileID: 0}
      m_TextColor:
        r: 0
        g: 0
        b: 0
        a: 1
    m_OnNormal:
      m_Background: {fileID: 0}
      m_TextColor:
        r: 0
        g: 0
        b: 0
        a: 1
    m_OnHover:
      m_Background: {fileID: 0}
      m_TextColor:
        r: 0
        g: 0
        b: 0
        a: 1
    m_OnActive:
      m_Background: {fileID: 0}
      m_TextColor:
        r: 0
        g: 0
        b: 0
        a: 1
    m_OnFocused:
      m_Background: {fileID: 0}
      m_TextColor:
        r: 0
        g: 0
        b: 0
        a: 1
    m_Border:
      m_Left: 0
      m_Right: 0
      m_Top: 0
      m_Bottom: 0
    m_Padding:
      m_Left: 0
      m_Right: 0
      m_Top: 0
      m_Bottom: 0
    m_Margin:
      m_Left: 0
      m_Right: 0
      m_Top: 0
      m_Bottom: 0
    m_Overflow:
      m_Left: 0
      m_Right: 0
      m_Top: 0
      m_Bottom: 0
    m_Font: {fileID: 0}
    m_ImagePosition: 0
    m_Alignment: 0
    m_WordWrap: 0
    m_TextClipping: 1
    m_ContentOffset: {x: 0, y: 0}
    m_FixedWidth: 0
    m_FixedHeight: 0
    m_StretchWidth: 1
    m_StretchHeight: 0
  easterEggButton:
    m_Name: 
    m_Normal:
      m_Background: {fileID: 0}
      m_TextColor:
        r: 0
        g: 0
        b: 0
        a: 1
    m_Hover:
      m_Background: {fileID: 0}
      m_TextColor:
        r: 0
        g: 0
        b: 0
        a: 1
    m_Active:
      m_Background: {fileID: 0}
      m_TextColor:
        r: 0
        g: 0
        b: 0
        a: 1
    m_Focused:
      m_Background: {fileID: 0}
      m_TextColor:
        r: 0
        g: 0
        b: 0
        a: 1
    m_OnNormal:
      m_Background: {fileID: 0}
      m_TextColor:
        r: 0
        g: 0
        b: 0
        a: 1
    m_OnHover:
      m_Background: {fileID: 0}
      m_TextColor:
        r: 0
        g: 0
        b: 0
        a: 1
    m_OnActive:
      m_Background: {fileID: 0}
      m_TextColor:
        r: 0
        g: 0
        b: 0
        a: 1
    m_OnFocused:
      m_Background: {fileID: 0}
      m_TextColor:
        r: 0
        g: 0
        b: 0
        a: 1
    m_Border:
      m_Left: 0
      m_Right: 0
      m_Top: 0
      m_Bottom: 0
    m_Padding:
      m_Left: 0
      m_Right: 0
      m_Top: 0
      m_Bottom: 0
    m_Margin:
      m_Left: 0
      m_Right: 0
      m_Top: 0
      m_Bottom: 0
    m_Overflow:
      m_Left: 0
      m_Right: 0
      m_Top: 0
      m_Bottom: 0
    m_Font: {fileID: 0}
    m_ImagePosition: 0
    m_Alignment: 0
    m_WordWrap: 0
    m_TextClipping: 1
    m_ContentOffset: {x: 0, y: 0}
    m_FixedWidth: 0
    m_FixedHeight: 0
    m_StretchWidth: 1
    m_StretchHeight: 0
--- !u!4 &21
Transform:
  m_ObjectHideFlags: 0
  m_PrefabParentObject: {fileID: 0}
  m_PrefabInternal: {fileID: 0}
  m_GameObject: {fileID: 19}
  m_LocalRotation: {x: 0, y: 0, z: 0, w: 1}
  m_LocalPosition: {x: -0.2593454, y: 0.6719285, z: 0.147522}
  m_LocalScale: {x: 1, y: 1, z: 1}
  m_Children: []
  m_Father: {fileID: 0}
  m_RootOrder: 0
--- !u!1 &23
GameObject:
  m_ObjectHideFlags: 0
  m_PrefabParentObject: {fileID: 0}
  m_PrefabInternal: {fileID: 0}
  serializedVersion: 4
  m_Component:
  - 4: {fileID: 29}
  - 20: {fileID: 28}
  - 92: {fileID: 27}
  - 124: {fileID: 26}
  - 81: {fileID: 25}
  - 114: {fileID: 24}
  m_Layer: 0
  m_Name: Main Camera
  m_TagString: MainCamera
  m_Icon: {fileID: 0}
  m_NavMeshLayer: 0
  m_StaticEditorFlags: 0
  m_IsActive: 1
--- !u!114 &24
MonoBehaviour:
  m_ObjectHideFlags: 0
  m_PrefabParentObject: {fileID: 0}
  m_PrefabInternal: {fileID: 0}
  m_GameObject: {fileID: 23}
  m_Enabled: 1
  m_EditorHideFlags: 0
  m_Script: {fileID: 11500000, guid: 0c3da0948498a437781e49129eb872c5, type: 3}
  m_Name: 
  m_EditorClassIdentifier: 
  fadeOutTexture: {fileID: 2800000, guid: b6ff5303898024e71a6f9b6ebf8b0fbb, type: 3}
  startWithFade: 1
  startFadeIn: 1
  startOpaque: 1
  minAlpha: 0
  maxAlpha: 1
  fadeSpeed: 2.5
  loopYield: 0
  delay: 0.5
  fadeComplete: 0
--- !u!81 &25
AudioListener:
  m_ObjectHideFlags: 0
  m_PrefabParentObject: {fileID: 0}
  m_PrefabInternal: {fileID: 0}
  m_GameObject: {fileID: 23}
  m_Enabled: 1
--- !u!124 &26
Behaviour:
  m_ObjectHideFlags: 0
  m_PrefabParentObject: {fileID: 0}
  m_PrefabInternal: {fileID: 0}
  m_GameObject: {fileID: 23}
  m_Enabled: 1
--- !u!92 &27
Behaviour:
  m_ObjectHideFlags: 0
  m_PrefabParentObject: {fileID: 0}
  m_PrefabInternal: {fileID: 0}
  m_GameObject: {fileID: 23}
  m_Enabled: 1
--- !u!20 &28
Camera:
  m_ObjectHideFlags: 0
  m_PrefabParentObject: {fileID: 0}
  m_PrefabInternal: {fileID: 0}
  m_GameObject: {fileID: 23}
  m_Enabled: 1
  serializedVersion: 2
  m_ClearFlags: 1
  m_BackGroundColor: {r: 0.19215687, g: 0.3019608, b: 0.4745098, a: 0.019607844}
  m_NormalizedViewPortRect:
    serializedVersion: 2
    x: 0
    y: 0
    width: 1
    height: 1
  near clip plane: 0.3
  far clip plane: 1000
  field of view: 60
  orthographic: 0
  orthographic size: 100
  m_Depth: -1
  m_CullingMask:
    serializedVersion: 2
    m_Bits: 4294967295
  m_RenderingPath: -1
  m_TargetTexture: {fileID: 0}
  m_TargetDisplay: 0
  m_TargetEye: 3
  m_HDR: 0
  m_OcclusionCulling: 1
  m_StereoConvergence: 10
  m_StereoSeparation: 0.022
  m_StereoMirrorMode: 0
--- !u!4 &29
Transform:
  m_ObjectHideFlags: 0
  m_PrefabParentObject: {fileID: 0}
  m_PrefabInternal: {fileID: 0}
  m_GameObject: {fileID: 23}
  m_LocalRotation: {x: 0, y: 0, z: 0, w: 1}
  m_LocalPosition: {x: 0, y: 1, z: -10}
  m_LocalScale: {x: 1, y: 1, z: 1}
  m_Children: []
  m_Father: {fileID: 0}
  m_RootOrder: 1
--- !u!1 &31
GameObject:
  m_ObjectHideFlags: 0
  m_PrefabParentObject: {fileID: 0}
  m_PrefabInternal: {fileID: 0}
  serializedVersion: 4
  m_Component:
  - 4: {fileID: 35}
  - 114: {fileID: 33}
  - 82: {fileID: 32}
  m_Layer: 0
  m_Name: pumpkinSFX
  m_TagString: Untagged
  m_Icon: {fileID: 0}
  m_NavMeshLayer: 0
  m_StaticEditorFlags: 0
  m_IsActive: 1
--- !u!82 &32
AudioSource:
  m_ObjectHideFlags: 0
  m_PrefabParentObject: {fileID: 0}
  m_PrefabInternal: {fileID: 0}
  m_GameObject: {fileID: 31}
  m_Enabled: 1
  serializedVersion: 4
  OutputAudioMixerGroup: {fileID: 0}
  m_audioClip: {fileID: 0}
  m_PlayOnAwake: 0
  m_Volume: 1
  m_Pitch: 1
  Loop: 0
  Mute: 0
  Spatialize: 0
  Priority: 128
  DopplerLevel: 1
  MinDistance: 1
  MaxDistance: 500
  Pan2D: 0
  rolloffMode: 2
  BypassEffects: 0
  BypassListenerEffects: 0
  BypassReverbZones: 0
  rolloffCustomCurve:
    serializedVersion: 2
    m_Curve:
    - time: 0
      value: 1
      inSlope: 0
      outSlope: 0
      tangentMode: 0
    - time: 0.1
      value: 1
      inSlope: 0
      outSlope: 0
      tangentMode: 0
    - time: 0.2
      value: 1
      inSlope: 0
      outSlope: 0
      tangentMode: 0
    - time: 0.4
      value: 1
      inSlope: 0
      outSlope: 0
      tangentMode: 0
    - time: 0.8
      value: 1
      inSlope: 0
      outSlope: 0
      tangentMode: 0
    - time: 1.6
      value: 0.9433963
      inSlope: -0.09036325
      outSlope: -0.0876762
      tangentMode: 0
    - time: 3.2
      value: 0.8196721
      inSlope: -0.0689961
      outSlope: -0.06546881
      tangentMode: 0
    - time: 6.4
      value: 0.64935064
      inSlope: -0.04399391
      outSlope: -0.04048329
      tangentMode: 0
    - time: 12.8
      value: 0.4587156
      inSlope: -0.02235456
      outSlope: -0.01987503
      tangentMode: 0
    - time: 25.6
      value: 0.28901735
      inSlope: -0.0090205
      outSlope: -0.0077776494
      tangentMode: 0
    - time: 51.2
      value: 0.16611296
      inSlope: -0.0030158467
      outSlope: -0.0025430636
      tangentMode: 0
    - time: 102.4
      value: 0.08976661
      inSlope: -0.0008873722
      outSlope: -0.0007379698
      tangentMode: 0
    - time: 204.8
      value: 0.04677268
      inSlope: -0.00024194451
      outSlope: -0.0001996441
      tangentMode: 0
    - time: 409.6
      value: 0.023889154
      inSlope: -0.000063258994
      outSlope: -0.00005198267
      tangentMode: 0
    - time: 500
      value: 0.019646365
      inSlope: 0
      outSlope: 0
      tangentMode: 0
    m_PreInfinity: 2
    m_PostInfinity: 2
    m_RotationOrder: 4
  panLevelCustomCurve:
    serializedVersion: 2
    m_Curve:
    - time: 0
      value: 0
      inSlope: 0
      outSlope: 0
      tangentMode: 0
    m_PreInfinity: 2
    m_PostInfinity: 2
    m_RotationOrder: 4
  spreadCustomCurve:
    serializedVersion: 2
    m_Curve:
    - time: 0
      value: 0
      inSlope: 0
      outSlope: 0
      tangentMode: 0
    m_PreInfinity: 2
    m_PostInfinity: 2
    m_RotationOrder: 4
  reverbZoneMixCustomCurve:
    serializedVersion: 2
    m_Curve:
    - time: 0
      value: 1
      inSlope: 0
      outSlope: 0
      tangentMode: 0
    m_PreInfinity: 2
    m_PostInfinity: 2
    m_RotationOrder: 4
--- !u!114 &33
MonoBehaviour:
  m_ObjectHideFlags: 0
  m_PrefabParentObject: {fileID: 0}
  m_PrefabInternal: {fileID: 0}
  m_GameObject: {fileID: 31}
  m_Enabled: 1
  m_EditorHideFlags: 0
  m_Script: {fileID: 11500000, guid: 92b7c023cb738499c878167f9925e847, type: 3}
  m_Name: 
  m_EditorClassIdentifier: 
  eeSounds:
  - {fileID: 8300000, guid: 141cdf0948799414aae0ad2e4949deca, type: 3}
  - {fileID: 8300000, guid: 0711175146c5244b59550eb6564295ca, type: 3}
  - {fileID: 8300000, guid: 3af3f034f219546ad92368a77f96a717, type: 3}
  - {fileID: 8300000, guid: d983b0a3e98c54a5fa5584525915bbad, type: 3}
  - {fileID: 8300000, guid: 9ce21d6e655e248dfbdaa608d4a854b7, type: 3}
  - {fileID: 8300000, guid: cfac8ab4fd9cb41fa851d0393afebe3e, type: 3}
  - {fileID: 8300000, guid: 82ca1c5e69ce54e98a2e7dc08c3046f4, type: 3}
  - {fileID: 8300000, guid: 91c36efa3ed294b16b8c7a2c1564b8a4, type: 3}
  - {fileID: 8300000, guid: f4c4b346f182d49bb80d03d1b383bd81, type: 3}
  - {fileID: 8300000, guid: f76114f33b89b4a549641de3fc964c26, type: 3}
  - {fileID: 8300000, guid: ba8887c45e53445f194fb333dc649120, type: 3}
  - {fileID: 8300000, guid: ae43d215eaa474a6fbc8a0f0a918cd04, type: 3}
  - {fileID: 8300000, guid: f407a12bc9fcb461b829217c8f023120, type: 3}
  - {fileID: 8300000, guid: 3f223ab2f079544deae02aad04cfdb98, type: 3}
  - {fileID: 8300000, guid: d26a315915b454b5ba5ceb49e31973a6, type: 3}
--- !u!4 &35
Transform:
  m_ObjectHideFlags: 0
  m_PrefabParentObject: {fileID: 0}
  m_PrefabInternal: {fileID: 0}
  m_GameObject: {fileID: 31}
  m_LocalRotation: {x: 0, y: 0, z: 0, w: 1}
  m_LocalPosition: {x: 0, y: 0, z: 0}
  m_LocalScale: {x: 1, y: 1, z: 1}
  m_Children: []
  m_Father: {fileID: 0}
  m_RootOrder: 2
