%YAML 1.1
%TAG !u! tag:unity3d.com,2011:
--- !u!29 &1
SceneSettings:
  m_ObjectHideFlags: 0
  m_PVSData: 
  m_PVSObjectsArray: []
  m_PVSPortalsArray: []
  m_OcclusionBakeSettings:
    smallestOccluder: 5
    smallestHole: 0.25
    backfaceThreshold: 100
--- !u!196 &2
NavMeshSettings:
  serializedVersion: 2
  m_ObjectHideFlags: 0
  m_BuildSettings:
    serializedVersion: 2
    agentRadius: 0.5
    agentHeight: 2
    agentSlope: 45
    agentClimb: 0.4
    ledgeDropHeight: 0
    maxJumpAcrossDistance: 0
    accuratePlacement: 0
    minRegionArea: 2
    cellSize: 0.16666667
    manualCellSize: 0
  m_NavMeshData: {fileID: 0}
--- !u!104 &13
RenderSettings:
  m_ObjectHideFlags: 0
  serializedVersion: 6
  m_Fog: 0
  m_FogColor: {r: 0.5, g: 0.5, b: 0.5, a: 1}
  m_FogMode: 3
  m_FogDensity: 0.01
  m_LinearFogStart: 0
  m_LinearFogEnd: 300
  m_AmbientSkyColor: {r: 0.2, g: 0.2, b: 0.2, a: 1}
  m_AmbientEquatorColor: {r: 0.2, g: 0.2, b: 0.2, a: 1}
  m_AmbientGroundColor: {r: 0.2, g: 0.2, b: 0.2, a: 1}
  m_AmbientIntensity: 1
  m_AmbientMode: 3
  m_SkyboxMaterial: {fileID: 0}
  m_HaloStrength: 0.5
  m_FlareStrength: 1
  m_FlareFadeSpeed: 3
  m_HaloTexture: {fileID: 0}
  m_SpotCookie: {fileID: 10001, guid: 0000000000000000e000000000000000, type: 0}
  m_DefaultReflectionMode: 0
  m_DefaultReflectionResolution: 128
  m_ReflectionBounces: 1
  m_ReflectionIntensity: 1
  m_CustomReflection: {fileID: 0}
  m_Sun: {fileID: 0}
--- !u!157 &17
LightmapSettings:
  m_ObjectHideFlags: 0
  serializedVersion: 6
  m_GIWorkflowMode: 1
  m_LightmapsMode: 1
  m_GISettings:
    serializedVersion: 2
    m_BounceScale: 1
    m_IndirectOutputScale: 1
    m_AlbedoBoost: 1
    m_TemporalCoherenceThreshold: 1
    m_EnvironmentLightingMode: 0
    m_EnableBakedLightmaps: 1
    m_EnableRealtimeLightmaps: 0
  m_LightmapEditorSettings:
    serializedVersion: 3
    m_Resolution: 1
    m_BakeResolution: 40
    m_TextureWidth: 1024
    m_TextureHeight: 1024
    m_AOMaxDistance: 1
    m_Padding: 2
    m_CompAOExponent: 0
    m_LightmapParameters: {fileID: 0}
    m_TextureCompression: 1
    m_FinalGather: 0
    m_FinalGatherRayCount: 1024
    m_ReflectionCompression: 2
  m_LightingDataAsset: {fileID: 0}
  m_RuntimeCPUUsage: 25
--- !u!1 &19
GameObject:
  m_ObjectHideFlags: 0
  m_PrefabParentObject: {fileID: 0}
  m_PrefabInternal: {fileID: 22}
  serializedVersion: 4
  m_Component:
  - 4: {fileID: 183}
  - 33: {fileID: 181}
  - 23: {fileID: 179}
  - 111: {fileID: 20}
  m_Layer: 0
  m_Name: outerRing3
  m_TagString: Untagged
  m_Icon: {fileID: 0}
  m_NavMeshLayer: 0
  m_StaticEditorFlags: 0
  m_IsActive: 1
--- !u!111 &20
Animation:
  m_ObjectHideFlags: 0
  m_PrefabParentObject: {fileID: 0}
  m_PrefabInternal: {fileID: 22}
  m_GameObject: {fileID: 19}
  m_Enabled: 1
  serializedVersion: 3
  m_Animation: {fileID: 0}
  m_Animations: []
  m_WrapMode: 0
  m_PlayAutomatically: 1
  m_AnimatePhysics: 0
  m_CullingType: 0
--- !u!1001 &22
Prefab:
  m_ObjectHideFlags: 0
  serializedVersion: 2
  m_Modification:
    m_TransformParent: {fileID: 44}
    m_Modifications: []
    m_RemovedComponents: []
  m_ParentPrefab: {fileID: 100100000, guid: 162d45bd5aeef4a4f9b382d5f694eb0b, type: 2}
  m_RootGameObject: {fileID: 233}
  m_IsPrefabParent: 0
--- !u!111 &23
Animation:
  m_ObjectHideFlags: 0
  m_PrefabParentObject: {fileID: 0}
  m_PrefabInternal: {fileID: 22}
  m_GameObject: {fileID: 188}
  m_Enabled: 1
  serializedVersion: 3
  m_Animation: {fileID: 0}
  m_Animations: []
  m_WrapMode: 0
  m_PlayAutomatically: 1
  m_AnimatePhysics: 0
  m_CullingType: 0
--- !u!33 &25
MeshFilter:
  m_ObjectHideFlags: 0
  m_PrefabParentObject: {fileID: 0}
  m_PrefabInternal: {fileID: 22}
  m_GameObject: {fileID: 188}
  m_Mesh: {fileID: 4300000, guid: 009c99c28544747ea88bf27e934434f0, type: 3}
--- !u!23 &27
MeshRenderer:
  m_ObjectHideFlags: 0
  m_PrefabParentObject: {fileID: 0}
  m_PrefabInternal: {fileID: 22}
  m_GameObject: {fileID: 188}
  m_Enabled: 0
  m_CastShadows: 1
  m_ReceiveShadows: 1
  m_Materials:
  - {fileID: 2100000, guid: 0c415682ad3fe44bab75fdb8575a63a9, type: 2}
  m_SubsetIndices: 
  m_StaticBatchRoot: {fileID: 0}
  m_UseLightProbes: 1
  m_ReflectionProbeUsage: 1
  m_ProbeAnchor: {fileID: 0}
  m_ScaleInLightmap: 1
  m_PreserveUVs: 0
  m_IgnoreNormalsForChartDetection: 0
  m_ImportantGI: 0
  m_MinimumChartSize: 4
  m_AutoUVMaxDistance: 0.5
  m_AutoUVMaxAngle: 89
  m_LightmapParameters: {fileID: 0}
  m_SortingLayerID: 0
  m_SortingOrder: 0
--- !u!33 &29
MeshFilter:
  m_ObjectHideFlags: 0
  m_PrefabParentObject: {fileID: 0}
  m_PrefabInternal: {fileID: 22}
  m_GameObject: {fileID: 235}
  m_Mesh: {fileID: 4300000, guid: 009c99c28544747ea88bf27e934434f0, type: 3}
--- !u!114 &31
MonoBehaviour:
  m_ObjectHideFlags: 0
  m_PrefabParentObject: {fileID: 0}
  m_PrefabInternal: {fileID: 22}
  m_GameObject: {fileID: 233}
  m_Enabled: 0
  m_EditorHideFlags: 0
  m_Script: {fileID: 11500000, guid: b8d35a3757eaa4eb4917a0d058624416, type: 3}
  m_Name: 
  m_EditorClassIdentifier: 
  mass: 1
  spring: 200
  damper: 0
  drag: 20
  angularDrag: 5
  distance: 0
  attachToCenterOfMass: 1
--- !u!145 &33
SpringJoint:
  m_ObjectHideFlags: 0
  m_PrefabParentObject: {fileID: 0}
  m_PrefabInternal: {fileID: 22}
  m_GameObject: {fileID: 233}
  m_ConnectedBody: {fileID: 0}
  m_Anchor: {x: 0, y: 0, z: 0}
  m_AutoConfigureConnectedAnchor: 1
  m_ConnectedAnchor: {x: 0, y: 0, z: 0}
  serializedVersion: 2
  m_Spring: 50
  m_Damper: 5
  m_MinDistance: 0
  m_MaxDistance: 0.2
  m_Tolerance: 0.025
  m_BreakForce: Infinity
  m_BreakTorque: Infinity
  m_EnableCollision: 0
  m_EnablePreprocessing: 1
--- !u!54 &35
Rigidbody:
  m_ObjectHideFlags: 0
  m_PrefabParentObject: {fileID: 0}
  m_PrefabInternal: {fileID: 22}
  m_GameObject: {fileID: 233}
  serializedVersion: 2
  m_Mass: 1
  m_Drag: 0
  m_AngularDrag: 0.05
  m_UseGravity: 0
  m_IsKinematic: 1
  m_Interpolate: 0
  m_Constraints: 0
  m_CollisionDetection: 0
--- !u!111 &37
Animation:
  m_ObjectHideFlags: 0
  m_PrefabParentObject: {fileID: 0}
  m_PrefabInternal: {fileID: 22}
  m_GameObject: {fileID: 186}
  m_Enabled: 1
  serializedVersion: 3
  m_Animation: {fileID: 0}
  m_Animations: []
  m_WrapMode: 0
  m_PlayAutomatically: 1
  m_AnimatePhysics: 0
  m_CullingType: 0
--- !u!23 &39
MeshRenderer:
  m_ObjectHideFlags: 0
  m_PrefabParentObject: {fileID: 0}
  m_PrefabInternal: {fileID: 22}
  m_GameObject: {fileID: 186}
  m_Enabled: 0
  m_CastShadows: 1
  m_ReceiveShadows: 1
  m_Materials:
  - {fileID: 2100000, guid: 0c415682ad3fe44bab75fdb8575a63a9, type: 2}
  m_SubsetIndices: 
  m_StaticBatchRoot: {fileID: 0}
  m_UseLightProbes: 1
  m_ReflectionProbeUsage: 1
  m_ProbeAnchor: {fileID: 0}
  m_ScaleInLightmap: 1
  m_PreserveUVs: 0
  m_IgnoreNormalsForChartDetection: 0
  m_ImportantGI: 0
  m_MinimumChartSize: 4
  m_AutoUVMaxDistance: 0.5
  m_AutoUVMaxAngle: 89
  m_LightmapParameters: {fileID: 0}
  m_SortingLayerID: 0
  m_SortingOrder: 0
--- !u!33 &41
MeshFilter:
  m_ObjectHideFlags: 0
  m_PrefabParentObject: {fileID: 0}
  m_PrefabInternal: {fileID: 22}
  m_GameObject: {fileID: 186}
  m_Mesh: {fileID: 4300000, guid: 009c99c28544747ea88bf27e934434f0, type: 3}
--- !u!4 &43
Transform:
  m_ObjectHideFlags: 0
  m_PrefabParentObject: {fileID: 0}
  m_PrefabInternal: {fileID: 22}
  m_GameObject: {fileID: 233}
  m_LocalRotation: {x: 0, y: 0, z: 0, w: 1}
  m_LocalPosition: {x: 0, y: 0, z: 0}
  m_LocalScale: {x: 1, y: 1, z: 1}
  m_Children:
  - {fileID: 169}
  m_Father: {fileID: 44}
  m_RootOrder: 4
--- !u!4 &44
Transform:
  m_ObjectHideFlags: 0
  m_PrefabParentObject: {fileID: 0}
  m_PrefabInternal: {fileID: 0}
  m_GameObject: {fileID: 231}
  m_LocalRotation: {x: 0, y: 0, z: 0, w: 1}
  m_LocalPosition: {x: 0, y: 0, z: 0}
  m_LocalScale: {x: 1, y: 1, z: 1}
  m_Children:
  - {fileID: 148}
  - {fileID: 133}
  - {fileID: 52}
  - {fileID: 45}
  - {fileID: 43}
  m_Father: {fileID: 0}
  m_RootOrder: 0
--- !u!4 &45
Transform:
  m_ObjectHideFlags: 0
  m_PrefabParentObject: {fileID: 0}
  m_PrefabInternal: {fileID: 47}
  m_GameObject: {fileID: 190}
  m_LocalRotation: {x: 0, y: 0, z: 0, w: 1}
  m_LocalPosition: {x: 0, y: 0, z: 0}
  m_LocalScale: {x: 1, y: 1, z: 1}
  m_Children: []
  m_Father: {fileID: 44}
  m_RootOrder: 3
--- !u!1001 &47
Prefab:
  m_ObjectHideFlags: 0
  serializedVersion: 2
  m_Modification:
    m_TransformParent: {fileID: 44}
    m_Modifications: []
    m_RemovedComponents: []
  m_ParentPrefab: {fileID: 100100000, guid: b38321d95f7d4406f9158cb15f905b5b, type: 2}
  m_RootGameObject: {fileID: 190}
  m_IsPrefabParent: 0
--- !u!82 &48
AudioSource:
  m_ObjectHideFlags: 0
  m_PrefabParentObject: {fileID: 0}
  m_PrefabInternal: {fileID: 47}
  m_GameObject: {fileID: 190}
  m_Enabled: 1
  serializedVersion: 4
  OutputAudioMixerGroup: {fileID: 0}
  m_audioClip: {fileID: 0}
  m_PlayOnAwake: 0
  m_Volume: 1
  m_Pitch: 1
  Loop: 0
  Mute: 0
  Spatialize: 0
  Priority: 128
  DopplerLevel: 1
  MinDistance: 1
  MaxDistance: 500
  Pan2D: 0
  rolloffMode: 2
  BypassEffects: 0
  BypassListenerEffects: 0
  BypassReverbZones: 0
  rolloffCustomCurve:
    serializedVersion: 2
    m_Curve:
    - time: 0
      value: 1
      inSlope: 0
      outSlope: 0
      tangentMode: 0
    - time: 0.1
      value: 1
      inSlope: 0
      outSlope: 0
      tangentMode: 0
    - time: 0.2
      value: 1
      inSlope: 0
      outSlope: 0
      tangentMode: 0
    - time: 0.4
      value: 1
      inSlope: 0
      outSlope: 0
      tangentMode: 0
    - time: 0.8
      value: 1
      inSlope: 0
      outSlope: 0
      tangentMode: 0
    - time: 1.6
      value: 0.9433963
      inSlope: -0.09036325
      outSlope: -0.0876762
      tangentMode: 0
    - time: 3.2
      value: 0.8196721
      inSlope: -0.0689961
      outSlope: -0.06546881
      tangentMode: 0
    - time: 6.4
      value: 0.64935064
      inSlope: -0.04399391
      outSlope: -0.04048329
      tangentMode: 0
    - time: 12.8
      value: 0.4587156
      inSlope: -0.02235456
      outSlope: -0.01987503
      tangentMode: 0
    - time: 25.6
      value: 0.28901735
      inSlope: -0.0090205
      outSlope: -0.0077776494
      tangentMode: 0
    - time: 51.2
      value: 0.16611296
      inSlope: -0.0030158467
      outSlope: -0.0025430636
      tangentMode: 0
    - time: 102.4
      value: 0.08976661
      inSlope: -0.0008873722
      outSlope: -0.0007379698
      tangentMode: 0
    - time: 204.8
      value: 0.04677268
      inSlope: -0.00024194451
      outSlope: -0.0001996441
      tangentMode: 0
    - time: 409.6
      value: 0.023889154
      inSlope: -0.000063258994
      outSlope: -0.00005198267
      tangentMode: 0
    - time: 500
      value: 0.019646365
      inSlope: 0
      outSlope: 0
      tangentMode: 0
    m_PreInfinity: 2
    m_PostInfinity: 2
    m_RotationOrder: 4
  panLevelCustomCurve:
    serializedVersion: 2
    m_Curve:
    - time: 0
      value: 0
      inSlope: 0
      outSlope: 0
      tangentMode: 0
    m_PreInfinity: 2
    m_PostInfinity: 2
    m_RotationOrder: 4
  spreadCustomCurve:
    serializedVersion: 2
    m_Curve:
    - time: 0
      value: 0
      inSlope: 0
      outSlope: 0
      tangentMode: 0
    m_PreInfinity: 2
    m_PostInfinity: 2
    m_RotationOrder: 4
  reverbZoneMixCustomCurve:
    serializedVersion: 2
    m_Curve:
    - time: 0
      value: 1
      inSlope: 0
      outSlope: 0
      tangentMode: 0
    m_PreInfinity: 2
    m_PostInfinity: 2
    m_RotationOrder: 4
--- !u!114 &50
MonoBehaviour:
  m_ObjectHideFlags: 0
  m_PrefabParentObject: {fileID: 0}
  m_PrefabInternal: {fileID: 47}
  m_GameObject: {fileID: 190}
  m_Enabled: 1
  m_EditorHideFlags: 0
  m_Script: {fileID: 11500000, guid: 73537cfb87a224835bb4b3a3aaa2c1c9, type: 3}
  m_Name: 
  m_EditorClassIdentifier: 
  pumpkinSFX:
  - {fileID: 8300000, guid: 46b52572126bb4351995d3a600ba2d97, type: 3}
  - {fileID: 8300000, guid: 237a2883a45bb4e32b2df90f297e57fc, type: 3}
  - {fileID: 8300000, guid: dae67e688a15c4ed0b11bca591a053f7, type: 3}
  - {fileID: 8300000, guid: e3e64e110f4ef4dcb8da87246b029dfa, type: 3}
  - {fileID: 8300000, guid: 39e266f0e94cf4f27b3561781861543b, type: 3}
  - {fileID: 8300000, guid: 855fd7acff4504758a1c1472e9157272, type: 3}
  - {fileID: 8300000, guid: 3f9ced4f293f445faa6bea3baa54da13, type: 3}
  - {fileID: 8300000, guid: 1e2b4fc4bdfe640b3af49d87a96a593d, type: 3}
  - {fileID: 8300000, guid: 4529618140cd44b238dc8d60e494c6e2, type: 3}
--- !u!4 &52
Transform:
  m_ObjectHideFlags: 0
  m_PrefabParentObject: {fileID: 0}
  m_PrefabInternal: {fileID: 0}
  m_GameObject: {fileID: 225}
  m_LocalRotation: {x: 0, y: 0, z: 0, w: 1}
  m_LocalPosition: {x: -0.764681, y: 0.71, z: -0.01}
  m_LocalScale: {x: 1, y: 1, z: 1}
  m_Children:
  - {fileID: 89}
  - {fileID: 54}
  - {fileID: 53}
  m_Father: {fileID: 44}
  m_RootOrder: 2
--- !u!4 &53
Transform:
  m_ObjectHideFlags: 0
  m_PrefabParentObject: {fileID: 0}
  m_PrefabInternal: {fileID: 0}
  m_GameObject: {fileID: 192}
  m_LocalRotation: {x: 0, y: 1, z: 0, w: -0.00000004371139}
  m_LocalPosition: {x: 0.764681, y: -0.71, z: -9.99}
  m_LocalScale: {x: 1, y: 1, z: 1}
  m_Children: []
  m_Father: {fileID: 52}
  m_RootOrder: 2
--- !u!4 &54
Transform:
  m_ObjectHideFlags: 0
  m_PrefabParentObject: {fileID: 0}
  m_PrefabInternal: {fileID: 57}
  m_GameObject: {fileID: 205}
  m_LocalRotation: {x: 0, y: 0, z: 0, w: 1}
  m_LocalPosition: {x: 0.764681, y: -0.71, z: 1.01}
  m_LocalScale: {x: 1, y: 1, z: 1}
  m_Children:
  - {fileID: 86}
  - {fileID: 84}
  - {fileID: 82}
  - {fileID: 80}
  - {fileID: 55}
  m_Father: {fileID: 52}
  m_RootOrder: 1
--- !u!4 &55
Transform:
  m_ObjectHideFlags: 0
  m_PrefabParentObject: {fileID: 0}
  m_PrefabInternal: {fileID: 57}
  m_GameObject: {fileID: 195}
  m_LocalRotation: {x: 0, y: 0, z: 0, w: 1}
  m_LocalPosition: {x: 0, y: 2.5, z: 2}
  m_LocalScale: {x: 1.5, y: 1.5, z: 1}
  m_Children: []
  m_Father: {fileID: 54}
  m_RootOrder: 4
--- !u!1001 &57
Prefab:
  m_ObjectHideFlags: 0
  serializedVersion: 2
  m_Modification:
    m_TransformParent: {fileID: 52}
    m_Modifications: []
    m_RemovedComponents: []
  m_ParentPrefab: {fileID: 100100000, guid: 5a544e06d4afb4435a151f0caf0adeab, type: 2}
  m_RootGameObject: {fileID: 205}
  m_IsPrefabParent: 0
--- !u!23 &58
MeshRenderer:
  m_ObjectHideFlags: 0
  m_PrefabParentObject: {fileID: 0}
  m_PrefabInternal: {fileID: 57}
  m_GameObject: {fileID: 203}
  m_Enabled: 1
  m_CastShadows: 1
  m_ReceiveShadows: 1
  m_Materials:
  - {fileID: 2100000, guid: 06f903a2352844c6195a936b0aace956, type: 2}
  m_SubsetIndices: 
  m_StaticBatchRoot: {fileID: 0}
  m_UseLightProbes: 1
  m_ReflectionProbeUsage: 1
  m_ProbeAnchor: {fileID: 0}
  m_ScaleInLightmap: 1
  m_PreserveUVs: 0
  m_IgnoreNormalsForChartDetection: 0
  m_ImportantGI: 0
  m_MinimumChartSize: 4
  m_AutoUVMaxDistance: 0.5
  m_AutoUVMaxAngle: 89
  m_LightmapParameters: {fileID: 0}
  m_SortingLayerID: 0
  m_SortingOrder: 0
--- !u!33 &60
MeshFilter:
  m_ObjectHideFlags: 0
  m_PrefabParentObject: {fileID: 0}
  m_PrefabInternal: {fileID: 57}
  m_GameObject: {fileID: 203}
  m_Mesh: {fileID: 4300000, guid: 316a7ba98bd4c4ae3a71508c80866eef, type: 3}
--- !u!114 &62
MonoBehaviour:
  m_ObjectHideFlags: 0
  m_PrefabParentObject: {fileID: 0}
  m_PrefabInternal: {fileID: 57}
  m_GameObject: {fileID: 195}
  m_Enabled: 0
  m_EditorHideFlags: 0
  m_Script: {fileID: 11500000, guid: f7183a3e2551844eabb8a277e7384df4, type: 3}
  m_Name: 
  m_EditorClassIdentifier: 
  startWithFade: 0
  startFadeIn: 0
  startOpaque: 0
  minAlpha: 0
  maxAlpha: 1
  fadeSpeed: 2
  loopYield: 0
  delay: 0
  fadeComplete: 0
--- !u!23 &64
MeshRenderer:
  m_ObjectHideFlags: 0
  m_PrefabParentObject: {fileID: 0}
  m_PrefabInternal: {fileID: 57}
  m_GameObject: {fileID: 195}
  m_Enabled: 1
  m_CastShadows: 1
  m_ReceiveShadows: 1
  m_Materials:
  - {fileID: 2100000, guid: 02f7865a7faac43d1aa54e8bfd1ef7cd, type: 2}
  m_SubsetIndices: 
  m_StaticBatchRoot: {fileID: 0}
  m_UseLightProbes: 1
  m_ReflectionProbeUsage: 1
  m_ProbeAnchor: {fileID: 0}
  m_ScaleInLightmap: 1
  m_PreserveUVs: 0
  m_IgnoreNormalsForChartDetection: 0
  m_ImportantGI: 0
  m_MinimumChartSize: 4
  m_AutoUVMaxDistance: 0.5
  m_AutoUVMaxAngle: 89
  m_LightmapParameters: {fileID: 0}
  m_SortingLayerID: 0
  m_SortingOrder: 0
--- !u!33 &66
MeshFilter:
  m_ObjectHideFlags: 0
  m_PrefabParentObject: {fileID: 0}
  m_PrefabInternal: {fileID: 57}
  m_GameObject: {fileID: 195}
  m_Mesh: {fileID: 4300006, guid: 316a7ba98bd4c4ae3a71508c80866eef, type: 3}
--- !u!23 &68
MeshRenderer:
  m_ObjectHideFlags: 0
  m_PrefabParentObject: {fileID: 0}
  m_PrefabInternal: {fileID: 57}
  m_GameObject: {fileID: 197}
  m_Enabled: 1
  m_CastShadows: 1
  m_ReceiveShadows: 1
  m_Materials:
  - {fileID: 2100000, guid: cb903e032c143490a97e9b8cd16acd97, type: 2}
  m_SubsetIndices: 
  m_StaticBatchRoot: {fileID: 0}
  m_UseLightProbes: 1
  m_ReflectionProbeUsage: 1
  m_ProbeAnchor: {fileID: 0}
  m_ScaleInLightmap: 1
  m_PreserveUVs: 0
  m_IgnoreNormalsForChartDetection: 0
  m_ImportantGI: 0
  m_MinimumChartSize: 4
  m_AutoUVMaxDistance: 0.5
  m_AutoUVMaxAngle: 89
  m_LightmapParameters: {fileID: 0}
  m_SortingLayerID: 0
  m_SortingOrder: 0
--- !u!33 &70
MeshFilter:
  m_ObjectHideFlags: 0
  m_PrefabParentObject: {fileID: 0}
  m_PrefabInternal: {fileID: 57}
  m_GameObject: {fileID: 197}
  m_Mesh: {fileID: 4300006, guid: 316a7ba98bd4c4ae3a71508c80866eef, type: 3}
--- !u!23 &72
MeshRenderer:
  m_ObjectHideFlags: 0
  m_PrefabParentObject: {fileID: 0}
  m_PrefabInternal: {fileID: 57}
  m_GameObject: {fileID: 199}
  m_Enabled: 1
  m_CastShadows: 1
  m_ReceiveShadows: 1
  m_Materials:
  - {fileID: 2100000, guid: 970f1e1f95f6d472f9d0c3f5a455ca62, type: 2}
  m_SubsetIndices: 
  m_StaticBatchRoot: {fileID: 0}
  m_UseLightProbes: 1
  m_ReflectionProbeUsage: 1
  m_ProbeAnchor: {fileID: 0}
  m_ScaleInLightmap: 1
  m_PreserveUVs: 0
  m_IgnoreNormalsForChartDetection: 0
  m_ImportantGI: 0
  m_MinimumChartSize: 4
  m_AutoUVMaxDistance: 0.5
  m_AutoUVMaxAngle: 89
  m_LightmapParameters: {fileID: 0}
  m_SortingLayerID: 0
  m_SortingOrder: 0
--- !u!33 &74
MeshFilter:
  m_ObjectHideFlags: 0
  m_PrefabParentObject: {fileID: 0}
  m_PrefabInternal: {fileID: 57}
  m_GameObject: {fileID: 199}
  m_Mesh: {fileID: 4300004, guid: 316a7ba98bd4c4ae3a71508c80866eef, type: 3}
--- !u!23 &76
MeshRenderer:
  m_ObjectHideFlags: 0
  m_PrefabParentObject: {fileID: 0}
  m_PrefabInternal: {fileID: 57}
  m_GameObject: {fileID: 201}
  m_Enabled: 1
  m_CastShadows: 1
  m_ReceiveShadows: 1
  m_Materials:
  - {fileID: 2100000, guid: 06f903a2352844c6195a936b0aace956, type: 2}
  m_SubsetIndices: 
  m_StaticBatchRoot: {fileID: 0}
  m_UseLightProbes: 1
  m_ReflectionProbeUsage: 1
  m_ProbeAnchor: {fileID: 0}
  m_ScaleInLightmap: 1
  m_PreserveUVs: 0
  m_IgnoreNormalsForChartDetection: 0
  m_ImportantGI: 0
  m_MinimumChartSize: 4
  m_AutoUVMaxDistance: 0.5
  m_AutoUVMaxAngle: 89
  m_LightmapParameters: {fileID: 0}
  m_SortingLayerID: 0
  m_SortingOrder: 0
--- !u!33 &78
MeshFilter:
  m_ObjectHideFlags: 0
  m_PrefabParentObject: {fileID: 0}
  m_PrefabInternal: {fileID: 57}
  m_GameObject: {fileID: 201}
  m_Mesh: {fileID: 4300002, guid: 316a7ba98bd4c4ae3a71508c80866eef, type: 3}
--- !u!4 &80
Transform:
  m_ObjectHideFlags: 0
  m_PrefabParentObject: {fileID: 0}
  m_PrefabInternal: {fileID: 57}
  m_GameObject: {fileID: 197}
  m_LocalRotation: {x: 0, y: 0, z: 0, w: 1}
  m_LocalPosition: {x: 0, y: 2.38504, z: -2}
  m_LocalScale: {x: 1, y: 1, z: 1}
  m_Children: []
  m_Father: {fileID: 54}
  m_RootOrder: 3
--- !u!4 &82
Transform:
  m_ObjectHideFlags: 0
  m_PrefabParentObject: {fileID: 0}
  m_PrefabInternal: {fileID: 57}
  m_GameObject: {fileID: 199}
  m_LocalRotation: {x: 0, y: -0, z: 0, w: 1}
  m_LocalPosition: {x: 0, y: 0.25000167, z: 0.13908887}
  m_LocalScale: {x: 1, y: 1, z: 1}
  m_Children: []
  m_Father: {fileID: 54}
  m_RootOrder: 2
--- !u!4 &84
Transform:
  m_ObjectHideFlags: 0
  m_PrefabParentObject: {fileID: 0}
  m_PrefabInternal: {fileID: 57}
  m_GameObject: {fileID: 201}
  m_LocalRotation: {x: 0, y: 0, z: 0, w: 1}
  m_LocalPosition: {x: -1.45, y: 2.25, z: 0}
  m_LocalScale: {x: 1, y: 1, z: 1}
  m_Children: []
  m_Father: {fileID: 54}
  m_RootOrder: 1
--- !u!4 &86
Transform:
  m_ObjectHideFlags: 0
  m_PrefabParentObject: {fileID: 0}
  m_PrefabInternal: {fileID: 57}
  m_GameObject: {fileID: 203}
  m_LocalRotation: {x: 0, y: 0, z: 0, w: 1}
  m_LocalPosition: {x: 1.45, y: 2.25, z: 0}
  m_LocalScale: {x: 1, y: 1, z: 1}
  m_Children: []
  m_Father: {fileID: 54}
  m_RootOrder: 0
--- !u!4 &89
Transform:
  m_ObjectHideFlags: 0
  m_PrefabParentObject: {fileID: 0}
  m_PrefabInternal: {fileID: 93}
  m_GameObject: {fileID: 223}
  m_LocalRotation: {x: 0, y: 0, z: 0, w: 1}
  m_LocalPosition: {x: 0.764681, y: -0.71, z: 0.01}
  m_LocalScale: {x: 1, y: 1, z: 1}
  m_Children:
  - {fileID: 129}
  - {fileID: 127}
  - {fileID: 125}
  - {fileID: 90}
  m_Father: {fileID: 52}
  m_RootOrder: 0
--- !u!4 &90
Transform:
  m_ObjectHideFlags: 0
  m_PrefabParentObject: {fileID: 0}
  m_PrefabInternal: {fileID: 93}
  m_GameObject: {fileID: 209}
  m_LocalRotation: {x: 0, y: 0, z: 0, w: 1}
  m_LocalPosition: {x: -0.00000043711043, y: 9.73, z: 0}
  m_LocalScale: {x: 1, y: 1, z: 1}
  m_Children:
  - {fileID: 91}
  m_Father: {fileID: 89}
  m_RootOrder: 3
--- !u!4 &91
Transform:
  m_ObjectHideFlags: 0
  m_PrefabParentObject: {fileID: 0}
  m_PrefabInternal: {fileID: 93}
  m_GameObject: {fileID: 207}
  m_LocalRotation: {x: 0, y: 0, z: 0, w: 1}
  m_LocalPosition: {x: 0, y: 0, z: 0}
  m_LocalScale: {x: 8.666668, y: 3, z: 1}
  m_Children: []
  m_Father: {fileID: 90}
  m_RootOrder: 0
--- !u!1001 &93
Prefab:
  m_ObjectHideFlags: 0
  serializedVersion: 2
  m_Modification:
    m_TransformParent: {fileID: 52}
    m_Modifications: []
    m_RemovedComponents: []
  m_ParentPrefab: {fileID: 100100000, guid: 8c83e1fb72cba47bf89c4cb713735339, type: 2}
  m_RootGameObject: {fileID: 223}
  m_IsPrefabParent: 0
--- !u!23 &94
MeshRenderer:
  m_ObjectHideFlags: 0
  m_PrefabParentObject: {fileID: 0}
  m_PrefabInternal: {fileID: 93}
  m_GameObject: {fileID: 219}
  m_Enabled: 0
  m_CastShadows: 0
  m_ReceiveShadows: 0
  m_Materials:
  - {fileID: 2100000, guid: 970f1e1f95f6d472f9d0c3f5a455ca62, type: 2}
  m_SubsetIndices: 
  m_StaticBatchRoot: {fileID: 0}
  m_UseLightProbes: 1
  m_ReflectionProbeUsage: 1
  m_ProbeAnchor: {fileID: 0}
  m_ScaleInLightmap: 1
  m_PreserveUVs: 0
  m_IgnoreNormalsForChartDetection: 0
  m_ImportantGI: 0
  m_MinimumChartSize: 4
  m_AutoUVMaxDistance: 0.5
  m_AutoUVMaxAngle: 89
  m_LightmapParameters: {fileID: 0}
  m_SortingLayerID: 0
  m_SortingOrder: 0
--- !u!33 &96
MeshFilter:
  m_ObjectHideFlags: 0
  m_PrefabParentObject: {fileID: 0}
  m_PrefabInternal: {fileID: 93}
  m_GameObject: {fileID: 219}
  m_Mesh: {fileID: 10202, guid: 0000000000000000e000000000000000, type: 0}
--- !u!23 &98
MeshRenderer:
  m_ObjectHideFlags: 0
  m_PrefabParentObject: {fileID: 0}
  m_PrefabInternal: {fileID: 93}
  m_GameObject: {fileID: 215}
  m_Enabled: 0
  m_CastShadows: 0
  m_ReceiveShadows: 0
  m_Materials:
  - {fileID: 2100000, guid: ebb2f6fd770454a4e92f032321da7a5f, type: 2}
  m_SubsetIndices: 
  m_StaticBatchRoot: {fileID: 0}
  m_UseLightProbes: 1
  m_ReflectionProbeUsage: 1
  m_ProbeAnchor: {fileID: 0}
  m_ScaleInLightmap: 1
  m_PreserveUVs: 0
  m_IgnoreNormalsForChartDetection: 0
  m_ImportantGI: 0
  m_MinimumChartSize: 4
  m_AutoUVMaxDistance: 0.5
  m_AutoUVMaxAngle: 89
  m_LightmapParameters: {fileID: 0}
  m_SortingLayerID: 0
  m_SortingOrder: 0
--- !u!33 &100
MeshFilter:
  m_ObjectHideFlags: 0
  m_PrefabParentObject: {fileID: 0}
  m_PrefabInternal: {fileID: 93}
  m_GameObject: {fileID: 215}
  m_Mesh: {fileID: 10202, guid: 0000000000000000e000000000000000, type: 0}
--- !u!65 &102
BoxCollider:
  m_ObjectHideFlags: 0
  m_PrefabParentObject: {fileID: 0}
  m_PrefabInternal: {fileID: 93}
  m_GameObject: {fileID: 213}
  m_Material: {fileID: 0}
  m_IsTrigger: 0
  m_Enabled: 1
  serializedVersion: 2
  m_Size: {x: 3, y: 10.27, z: 1}
  m_Center: {x: 0, y: 0, z: 0}
--- !u!65 &104
BoxCollider:
  m_ObjectHideFlags: 0
  m_PrefabParentObject: {fileID: 0}
  m_PrefabInternal: {fileID: 93}
  m_GameObject: {fileID: 209}
  m_Material: {fileID: 0}
  m_IsTrigger: 0
  m_Enabled: 1
  serializedVersion: 2
  m_Size: {x: 8.666668, y: 3, z: 1}
  m_Center: {x: 0, y: 0, z: 0}
--- !u!65 &106
BoxCollider:
  m_ObjectHideFlags: 0
  m_PrefabParentObject: {fileID: 0}
  m_PrefabInternal: {fileID: 93}
  m_GameObject: {fileID: 217}
  m_Material: {fileID: 0}
  m_IsTrigger: 0
  m_Enabled: 1
  serializedVersion: 2
  m_Size: {x: 3, y: 10.27, z: 1}
  m_Center: {x: 0, y: 0, z: 0}
--- !u!23 &108
MeshRenderer:
  m_ObjectHideFlags: 0
  m_PrefabParentObject: {fileID: 0}
  m_PrefabInternal: {fileID: 93}
  m_GameObject: {fileID: 211}
  m_Enabled: 0
  m_CastShadows: 0
  m_ReceiveShadows: 0
  m_Materials:
  - {fileID: 2100000, guid: ebb2f6fd770454a4e92f032321da7a5f, type: 2}
  m_SubsetIndices: 
  m_StaticBatchRoot: {fileID: 0}
  m_UseLightProbes: 1
  m_ReflectionProbeUsage: 1
  m_ProbeAnchor: {fileID: 0}
  m_ScaleInLightmap: 1
  m_PreserveUVs: 0
  m_IgnoreNormalsForChartDetection: 0
  m_ImportantGI: 0
  m_MinimumChartSize: 4
  m_AutoUVMaxDistance: 0.5
  m_AutoUVMaxAngle: 89
  m_LightmapParameters: {fileID: 0}
  m_SortingLayerID: 0
  m_SortingOrder: 0
--- !u!33 &110
MeshFilter:
  m_ObjectHideFlags: 0
  m_PrefabParentObject: {fileID: 0}
  m_PrefabInternal: {fileID: 93}
  m_GameObject: {fileID: 211}
  m_Mesh: {fileID: 10202, guid: 0000000000000000e000000000000000, type: 0}
--- !u!23 &112
MeshRenderer:
  m_ObjectHideFlags: 0
  m_PrefabParentObject: {fileID: 0}
  m_PrefabInternal: {fileID: 93}
  m_GameObject: {fileID: 207}
  m_Enabled: 0
  m_CastShadows: 0
  m_ReceiveShadows: 0
  m_Materials:
  - {fileID: 10302, guid: 0000000000000000f000000000000000, type: 0}
  m_SubsetIndices: 
  m_StaticBatchRoot: {fileID: 0}
  m_UseLightProbes: 1
  m_ReflectionProbeUsage: 1
  m_ProbeAnchor: {fileID: 0}
  m_ScaleInLightmap: 1
  m_PreserveUVs: 0
  m_IgnoreNormalsForChartDetection: 0
  m_ImportantGI: 0
  m_MinimumChartSize: 4
  m_AutoUVMaxDistance: 0.5
  m_AutoUVMaxAngle: 89
  m_LightmapParameters: {fileID: 0}
  m_SortingLayerID: 0
  m_SortingOrder: 0
--- !u!33 &114
MeshFilter:
  m_ObjectHideFlags: 0
  m_PrefabParentObject: {fileID: 0}
  m_PrefabInternal: {fileID: 93}
  m_GameObject: {fileID: 207}
  m_Mesh: {fileID: 10202, guid: 0000000000000000e000000000000000, type: 0}
--- !u!65 &116
BoxCollider:
  m_ObjectHideFlags: 0
  m_PrefabParentObject: {fileID: 0}
  m_PrefabInternal: {fileID: 93}
  m_GameObject: {fileID: 221}
  m_Material: {fileID: 13400000, guid: 0c8453a0dd5af4b9b9b52b56e22fdf01, type: 2}
  m_IsTrigger: 0
  m_Enabled: 1
  serializedVersion: 2
  m_Size: {x: 8.666668, y: 3, z: 1}
  m_Center: {x: 0, y: 0, z: 0}
--- !u!4 &118
Transform:
  m_ObjectHideFlags: 0
  m_PrefabParentObject: {fileID: 0}
  m_PrefabInternal: {fileID: 93}
  m_GameObject: {fileID: 211}
  m_LocalRotation: {x: 0, y: 0, z: 0, w: 1}
  m_LocalPosition: {x: 0, y: 0, z: 0}
  m_LocalScale: {x: 3, y: 10.27, z: 1}
  m_Children: []
  m_Father: {fileID: 125}
  m_RootOrder: 0
--- !u!4 &120
Transform:
  m_ObjectHideFlags: 0
  m_PrefabParentObject: {fileID: 0}
  m_PrefabInternal: {fileID: 93}
  m_GameObject: {fileID: 215}
  m_LocalRotation: {x: 0, y: 0, z: 0, w: 1}
  m_LocalPosition: {x: 0, y: 0, z: 0}
  m_LocalScale: {x: 3, y: 10.27, z: 1}
  m_Children: []
  m_Father: {fileID: 127}
  m_RootOrder: 0
--- !u!4 &122
Transform:
  m_ObjectHideFlags: 0
  m_PrefabParentObject: {fileID: 0}
  m_PrefabInternal: {fileID: 93}
  m_GameObject: {fileID: 219}
  m_LocalRotation: {x: 0, y: 0, z: 0, w: 1}
  m_LocalPosition: {x: 0, y: 0, z: 0}
  m_LocalScale: {x: 8.666668, y: 3, z: 1.5}
  m_Children: []
  m_Father: {fileID: 129}
  m_RootOrder: 0
--- !u!4 &125
Transform:
  m_ObjectHideFlags: 0
  m_PrefabParentObject: {fileID: 0}
  m_PrefabInternal: {fileID: 93}
  m_GameObject: {fileID: 213}
  m_LocalRotation: {x: 0, y: 0, z: 1, w: -0.00000004371139}
  m_LocalPosition: {x: -2.7151978, y: 4.25, z: 0}
  m_LocalScale: {x: 1, y: 1, z: 1}
  m_Children:
  - {fileID: 118}
  m_Father: {fileID: 89}
  m_RootOrder: 2
--- !u!4 &127
Transform:
  m_ObjectHideFlags: 0
  m_PrefabParentObject: {fileID: 0}
  m_PrefabInternal: {fileID: 93}
  m_GameObject: {fileID: 217}
  m_LocalRotation: {x: 0, y: 0, z: 0, w: 1}
  m_LocalPosition: {x: 2.6990194, y: 4.25, z: 0}
  m_LocalScale: {x: 1, y: 1, z: 1}
  m_Children:
  - {fileID: 120}
  m_Father: {fileID: 89}
  m_RootOrder: 1
--- !u!4 &129
Transform:
  m_ObjectHideFlags: 0
  m_PrefabParentObject: {fileID: 0}
  m_PrefabInternal: {fileID: 93}
  m_GameObject: {fileID: 221}
  m_LocalRotation: {x: 0, y: 0, z: 0, w: 1}
  m_LocalPosition: {x: 0, y: -1, z: 0}
  m_LocalScale: {x: 1, y: 1, z: 1}
  m_Children:
  - {fileID: 122}
  m_Father: {fileID: 89}
  m_RootOrder: 0
--- !u!4 &133
Transform:
  m_ObjectHideFlags: 0
  m_PrefabParentObject: {fileID: 0}
  m_PrefabInternal: {fileID: 135}
  m_GameObject: {fileID: 227}
  m_LocalRotation: {x: 0, y: 0, z: 0, w: 1}
  m_LocalPosition: {x: 0.1336872, y: 2.64364, z: 0}
  m_LocalScale: {x: 1, y: 1, z: 1}
  m_Children: []
  m_Father: {fileID: 44}
  m_RootOrder: 1
--- !u!1001 &135
Prefab:
  m_ObjectHideFlags: 0
  serializedVersion: 2
  m_Modification:
    m_TransformParent: {fileID: 44}
    m_Modifications: []
    m_RemovedComponents: []
  m_ParentPrefab: {fileID: 100100000, guid: 69a318e5fc97e4802bdc12abb861726a, type: 2}
  m_RootGameObject: {fileID: 227}
  m_IsPrefabParent: 0
--- !u!114 &136
MonoBehaviour:
  m_ObjectHideFlags: 0
  m_PrefabParentObject: {fileID: 0}
  m_PrefabInternal: {fileID: 135}
  m_GameObject: {fileID: 227}
  m_Enabled: 1
  m_EditorHideFlags: 0
  m_Script: {fileID: 11500000, guid: c685ac6724f4e4a43bc6b47600150963, type: 3}
  m_Name: 
  m_EditorClassIdentifier: 
  enemyDamage: 0
  enemyHealth: 0
  score: 0
  maxScore: 0
  scoreRatio: 1
  numberSmashed: 0
  startCounting: 0
--- !u!114 &138
MonoBehaviour:
  m_ObjectHideFlags: 0
  m_PrefabParentObject: {fileID: 0}
  m_PrefabInternal: {fileID: 135}
  m_GameObject: {fileID: 227}
  m_Enabled: 0
  m_EditorHideFlags: 0
  m_Script: {fileID: 11500000, guid: 8733960a260c241dca2d3ca2489c9460, type: 3}
  m_Name: 
  m_EditorClassIdentifier: 
  objectToGenerate: {fileID: 100000, guid: fbde08be78af44b39a1b5e3e5a4c12f3, type: 2}
  generatorWidth: 0.765
  delay: 2
  numberOnScreen: 10
  pumpkinFreq: 100
  fireFreq: 0
  iceFreq: 0
  bombFreq: 0
  fireTimeOut: 5
--- !u!114 &140
MonoBehaviour:
  m_ObjectHideFlags: 0
  m_PrefabParentObject: {fileID: 0}
  m_PrefabInternal: {fileID: 135}
  m_GameObject: {fileID: 227}
  m_Enabled: 1
  m_EditorHideFlags: 0
  m_Script: {fileID: 11500000, guid: bc37a06863ccc42d3b2dcdca9f637fcd, type: 3}
  m_Name: 
  m_EditorClassIdentifier: 
  smashParticles: {fileID: 100004, guid: 001f16ce01bd94e2e88d3578a7eadc1c, type: 2}
  fireParticles: {fileID: 100000, guid: ae35f0dc6a0c34bbcaeee01c9c0f4f67, type: 2}
  iceParticles: {fileID: 100004, guid: 6afb1d43420884787beb5e7f5a68f6c1, type: 2}
  bombParticles: {fileID: 100004, guid: 50dd3f69f99184d66a6fd3c2f6b49de5, type: 2}
  enemyParticles: {fileID: 100004, guid: 6c24db904b22b44a680bba2dc9b11906, type: 2}
--- !u!114 &142
MonoBehaviour:
  m_ObjectHideFlags: 0
  m_PrefabParentObject: {fileID: 0}
  m_PrefabInternal: {fileID: 135}
  m_GameObject: {fileID: 227}
  m_Enabled: 1
  m_EditorHideFlags: 0
  m_Script: {fileID: 11500000, guid: 32b32b56484044449a255c1e82a7b590, type: 3}
  m_Name: 
  m_EditorClassIdentifier: 
--- !u!114 &144
MonoBehaviour:
  m_ObjectHideFlags: 0
  m_PrefabParentObject: {fileID: 0}
  m_PrefabInternal: {fileID: 135}
  m_GameObject: {fileID: 227}
  m_Enabled: 1
  m_EditorHideFlags: 0
  m_Script: {fileID: 11500000, guid: 63f888b79467d4f80b34280633752078, type: 3}
  m_Name: 
  m_EditorClassIdentifier: 
  easySettings:
  - 2.5
  - 6
  - 100
  - 0
  - 0
  - 0
  - 5
  - 6
  - 60
  - 60
  - 1
  - 4
  hardSettings:
  - 1
  - 6
  - 100
  - 0
  - 0
  - 0
  - 4
  - 15
  - 30
  - 30
  - 0.75
  - 6
  impassibleSettings:
  - 0.5
  - 6
  - 100
  - 0
  - 0
  - 0
  - 3
  - 29
  - 15
  - 15
  - 0.5
  - 8
--- !u!114 &146
MonoBehaviour:
  m_ObjectHideFlags: 0
  m_PrefabParentObject: {fileID: 0}
  m_PrefabInternal: {fileID: 135}
  m_GameObject: {fileID: 227}
  m_Enabled: 1
  m_EditorHideFlags: 0
  m_Script: {fileID: 11500000, guid: cc439fd28b3084fefae023db7f5c7b51, type: 3}
  m_Name: 
  m_EditorClassIdentifier: 
  ghost0: {fileID: 100002, guid: 05f322b91766f43828abecaf40db2f0d, type: 2}
  ghost1: {fileID: 100002, guid: ed859615036014f70949029ae0efccd0, type: 2}
  ghost2: {fileID: 100000, guid: 810746a3a9bf54215a8531afb9f788f3, type: 2}
--- !u!4 &148
Transform:
  m_ObjectHideFlags: 0
  m_PrefabParentObject: {fileID: 0}
  m_PrefabInternal: {fileID: 150}
  m_GameObject: {fileID: 229}
  m_LocalRotation: {x: 0, y: 0, z: 0, w: 1}
  m_LocalPosition: {x: 0, y: 0, z: 0}
  m_LocalScale: {x: 1, y: 1, z: 1}
  m_Children: []
  m_Father: {fileID: 44}
  m_RootOrder: 0
--- !u!1001 &150
Prefab:
  m_ObjectHideFlags: 0
  serializedVersion: 2
  m_Modification:
    m_TransformParent: {fileID: 44}
    m_Modifications: []
    m_RemovedComponents: []
  m_ParentPrefab: {fileID: 100100000, guid: a20399bf1f7e34a1bbcceee0111d54ee, type: 2}
  m_RootGameObject: {fileID: 229}
  m_IsPrefabParent: 0
--- !u!114 &151
MonoBehaviour:
  m_ObjectHideFlags: 0
  m_PrefabParentObject: {fileID: 0}
  m_PrefabInternal: {fileID: 150}
  m_GameObject: {fileID: 229}
  m_Enabled: 0
  m_EditorHideFlags: 0
  m_Script: {fileID: 11500000, guid: 0ffceadcd92e74db1b9621f8d6ba1d2c, type: 3}
  m_Name: 
  m_EditorClassIdentifier: 
  alignCenterSkin: {fileID: 11400000, guid: 0303916e9fa764fe99152942e33a0d75, type: 2}
  nextLevelLabel:
    m_Name: 
    m_Normal:
      m_Background: {fileID: 2800000, guid: 9fec90e2d9b08422b88cdc5c074e2de3, type: 3}
      m_TextColor:
        r: 0
        g: 0
        b: 0
        a: 1
    m_Hover:
      m_Background: {fileID: 0}
      m_TextColor:
        r: 0
        g: 0
        b: 0
        a: 1
    m_Active:
      m_Background: {fileID: 0}
      m_TextColor:
        r: 0
        g: 0
        b: 0
        a: 1
    m_Focused:
      m_Background: {fileID: 0}
      m_TextColor:
        r: 0
        g: 0
        b: 0
        a: 1
    m_OnNormal:
      m_Background: {fileID: 0}
      m_TextColor:
        r: 0
        g: 0
        b: 0
        a: 1
    m_OnHover:
      m_Background: {fileID: 0}
      m_TextColor:
        r: 0
        g: 0
        b: 0
        a: 1
    m_OnActive:
      m_Background: {fileID: 0}
      m_TextColor:
        r: 0
        g: 0
        b: 0
        a: 1
    m_OnFocused:
      m_Background: {fileID: 0}
      m_TextColor:
        r: 0
        g: 0
        b: 0
        a: 1
    m_Border:
      m_Left: 0
      m_Right: 0
      m_Top: 0
      m_Bottom: 0
    m_Padding:
      m_Left: 0
      m_Right: 0
      m_Top: 0
      m_Bottom: 0
    m_Margin:
      m_Left: 0
      m_Right: 0
      m_Top: 0
      m_Bottom: 0
    m_Overflow:
      m_Left: 0
      m_Right: 0
      m_Top: 0
      m_Bottom: 0
    m_Font: {fileID: 0}
    m_ImagePosition: 0
    m_Alignment: 0
    m_WordWrap: 0
    m_TextClipping: 1
    m_ContentOffset: {x: 0, y: 0}
    m_FixedWidth: 0
    m_FixedHeight: 0
    m_StretchWidth: 1
    m_StretchHeight: 0
  continueButton:
    m_Name: 
    m_Normal:
      m_Background: {fileID: 2800000, guid: fcad3b42ed339425d9ac8a9368df755d, type: 3}
      m_TextColor:
        r: 0
        g: 0
        b: 0
        a: 1
    m_Hover:
      m_Background: {fileID: 0}
      m_TextColor:
        r: 0
        g: 0
        b: 0
        a: 1
    m_Active:
      m_Background: {fileID: 2800000, guid: 46ebd381fce3a49d3812b3cc972a0995, type: 3}
      m_TextColor:
        r: 0
        g: 0
        b: 0
        a: 1
    m_Focused:
      m_Background: {fileID: 0}
      m_TextColor:
        r: 0
        g: 0
        b: 0
        a: 1
    m_OnNormal:
      m_Background: {fileID: 0}
      m_TextColor:
        r: 0
        g: 0
        b: 0
        a: 1
    m_OnHover:
      m_Background: {fileID: 0}
      m_TextColor:
        r: 0
        g: 0
        b: 0
        a: 1
    m_OnActive:
      m_Background: {fileID: 0}
      m_TextColor:
        r: 0
        g: 0
        b: 0
        a: 1
    m_OnFocused:
      m_Background: {fileID: 0}
      m_TextColor:
        r: 0
        g: 0
        b: 0
        a: 1
    m_Border:
      m_Left: 0
      m_Right: 0
      m_Top: 0
      m_Bottom: 0
    m_Padding:
      m_Left: 0
      m_Right: 0
      m_Top: 0
      m_Bottom: 0
    m_Margin:
      m_Left: 0
      m_Right: 0
      m_Top: 0
      m_Bottom: 0
    m_Overflow:
      m_Left: 0
      m_Right: 0
      m_Top: 0
      m_Bottom: 0
    m_Font: {fileID: 0}
    m_ImagePosition: 0
    m_Alignment: 0
    m_WordWrap: 0
    m_TextClipping: 1
    m_ContentOffset: {x: 0, y: 0}
    m_FixedWidth: 0
    m_FixedHeight: 0
    m_StretchWidth: 1
    m_StretchHeight: 0
  menuButton:
    m_Name: 
    m_Normal:
      m_Background: {fileID: 2800000, guid: bdfbb43d219124dafb51182e083ab959, type: 3}
      m_TextColor:
        r: 0
        g: 0
        b: 0
        a: 1
    m_Hover:
      m_Background: {fileID: 0}
      m_TextColor:
        r: 0
        g: 0
        b: 0
        a: 1
    m_Active:
      m_Background: {fileID: 2800000, guid: 01795f905d7f84027a84ede78fb1088a, type: 3}
      m_TextColor:
        r: 0
        g: 0
        b: 0
        a: 1
    m_Focused:
      m_Background: {fileID: 0}
      m_TextColor:
        r: 0
        g: 0
        b: 0
        a: 1
    m_OnNormal:
      m_Background: {fileID: 0}
      m_TextColor:
        r: 0
        g: 0
        b: 0
        a: 1
    m_OnHover:
      m_Background: {fileID: 0}
      m_TextColor:
        r: 0
        g: 0
        b: 0
        a: 1
    m_OnActive:
      m_Background: {fileID: 0}
      m_TextColor:
        r: 0
        g: 0
        b: 0
        a: 1
    m_OnFocused:
      m_Background: {fileID: 0}
      m_TextColor:
        r: 0
        g: 0
        b: 0
        a: 1
    m_Border:
      m_Left: 0
      m_Right: 0
      m_Top: 0
      m_Bottom: 0
    m_Padding:
      m_Left: 0
      m_Right: 0
      m_Top: 0
      m_Bottom: 0
    m_Margin:
      m_Left: 0
      m_Right: 0
      m_Top: 0
      m_Bottom: 0
    m_Overflow:
      m_Left: 0
      m_Right: 0
      m_Top: 0
      m_Bottom: 0
    m_Font: {fileID: 0}
    m_ImagePosition: 0
    m_Alignment: 0
    m_WordWrap: 0
    m_TextClipping: 1
    m_ContentOffset: {x: 0, y: 0}
    m_FixedWidth: 0
    m_FixedHeight: 0
    m_StretchWidth: 1
    m_StretchHeight: 0
  winMenuButton:
    m_Name: 
    m_Normal:
      m_Background: {fileID: 2800000, guid: 5ad4f1b8491284624bcd9490855b72cd, type: 3}
      m_TextColor:
        r: 0
        g: 0
        b: 0
        a: 1
    m_Hover:
      m_Background: {fileID: 0}
      m_TextColor:
        r: 0
        g: 0
        b: 0
        a: 1
    m_Active:
      m_Background: {fileID: 2800000, guid: 4d3204839e43e4c8986589b2a41af549, type: 3}
      m_TextColor:
        r: 0
        g: 0
        b: 0
        a: 1
    m_Focused:
      m_Background: {fileID: 0}
      m_TextColor:
        r: 0
        g: 0
        b: 0
        a: 1
    m_OnNormal:
      m_Background: {fileID: 0}
      m_TextColor:
        r: 0
        g: 0
        b: 0
        a: 1
    m_OnHover:
      m_Background: {fileID: 0}
      m_TextColor:
        r: 0
        g: 0
        b: 0
        a: 1
    m_OnActive:
      m_Background: {fileID: 0}
      m_TextColor:
        r: 0
        g: 0
        b: 0
        a: 1
    m_OnFocused:
      m_Background: {fileID: 0}
      m_TextColor:
        r: 0
        g: 0
        b: 0
        a: 1
    m_Border:
      m_Left: 0
      m_Right: 0
      m_Top: 0
      m_Bottom: 0
    m_Padding:
      m_Left: 0
      m_Right: 0
      m_Top: 0
      m_Bottom: 0
    m_Margin:
      m_Left: 0
      m_Right: 0
      m_Top: 0
      m_Bottom: 0
    m_Overflow:
      m_Left: 0
      m_Right: 0
      m_Top: 0
      m_Bottom: 0
    m_Font: {fileID: 0}
    m_ImagePosition: 0
    m_Alignment: 0
    m_WordWrap: 0
    m_TextClipping: 1
    m_ContentOffset: {x: 0, y: 0}
    m_FixedWidth: 0
    m_FixedHeight: 0
    m_StretchWidth: 1
    m_StretchHeight: 0
  theFontStyle:
    m_Name: 
    m_Normal:
      m_Background: {fileID: 0}
      m_TextColor:
        r: 0.6642
        g: 0.7128
        b: 0.81
        a: 1
    m_Hover:
      m_Background: {fileID: 0}
      m_TextColor:
        r: 0
        g: 0
        b: 0
        a: 1
    m_Active:
      m_Background: {fileID: 0}
      m_TextColor:
        r: 0
        g: 0
        b: 0
        a: 1
    m_Focused:
      m_Background: {fileID: 0}
      m_TextColor:
        r: 0
        g: 0
        b: 0
        a: 1
    m_OnNormal:
      m_Background: {fileID: 0}
      m_TextColor:
        r: 0
        g: 0
        b: 0
        a: 1
    m_OnHover:
      m_Background: {fileID: 0}
      m_TextColor:
        r: 0
        g: 0
        b: 0
        a: 1
    m_OnActive:
      m_Background: {fileID: 0}
      m_TextColor:
        r: 0
        g: 0
        b: 0
        a: 1
    m_OnFocused:
      m_Background: {fileID: 0}
      m_TextColor:
        r: 0
        g: 0
        b: 0
        a: 1
    m_Border:
      m_Left: 0
      m_Right: 0
      m_Top: 0
      m_Bottom: 0
    m_Padding:
      m_Left: 0
      m_Right: 0
      m_Top: 0
      m_Bottom: 0
    m_Margin:
      m_Left: 0
      m_Right: 0
      m_Top: 0
      m_Bottom: 0
    m_Overflow:
      m_Left: 0
      m_Right: 0
      m_Top: 0
      m_Bottom: 0
    m_Font: {fileID: 12800000, guid: e266c869522d747fa919b8d28cd59c37, type: 3}
    m_ImagePosition: 0
    m_Alignment: 5
    m_WordWrap: 0
    m_TextClipping: 1
    m_ContentOffset: {x: 0, y: 0}
    m_FixedWidth: 0
    m_FixedHeight: 0
    m_StretchWidth: 1
    m_StretchHeight: 0
  nextLevelTexture: {fileID: 2800000, guid: bd47f9c519f6145e69bfae305dd06ed1, type: 3}
  resumeTexture: {fileID: 2800000, guid: 837caf72c4f9540aaa3f0dbb3fb1665e, type: 3}
  resumeTextureHD: {fileID: 2800000, guid: d4f9b93dc5592427c98e0fd7ff514b0c, type: 3}
  winCornerSmall: {fileID: 2800000, guid: 618fc6f04fd0841bba5bb7604d1af89d, type: 3}
  winEasySmall: {fileID: 2800000, guid: d79c3d97e2ea84eef88c5af13265bfc9, type: 3}
  winHardSmall: {fileID: 2800000, guid: d27693310645f4f499d878cea042e026, type: 3}
  winImpassibleSmall: {fileID: 2800000, guid: 9793f63727ed44bd583634b064a7d919, type: 3}
  winAudio: {fileID: 8300000, guid: 4529618140cd44b238dc8d60e494c6e2, type: 3}
--- !u!114 &153
MonoBehaviour:
  m_ObjectHideFlags: 0
  m_PrefabParentObject: {fileID: 0}
  m_PrefabInternal: {fileID: 150}
  m_GameObject: {fileID: 229}
  m_Enabled: 0
  m_EditorHideFlags: 0
  m_Script: {fileID: 11500000, guid: 1c7820245b3fb44b98254ca5cb909bc2, type: 3}
  m_Name: 
  m_EditorClassIdentifier: 
  alignCenterSkin: {fileID: 11400000, guid: 0303916e9fa764fe99152942e33a0d75, type: 2}
  loseLabel:
    m_Name: 
    m_Normal:
      m_Background: {fileID: 2800000, guid: 309d1bbef5f89465cb850cd0472b4fc5, type: 3}
      m_TextColor:
        r: 0
        g: 0
        b: 0
        a: 1
    m_Hover:
      m_Background: {fileID: 0}
      m_TextColor:
        r: 0
        g: 0
        b: 0
        a: 1
    m_Active:
      m_Background: {fileID: 0}
      m_TextColor:
        r: 0
        g: 0
        b: 0
        a: 1
    m_Focused:
      m_Background: {fileID: 0}
      m_TextColor:
        r: 0
        g: 0
        b: 0
        a: 1
    m_OnNormal:
      m_Background: {fileID: 0}
      m_TextColor:
        r: 0
        g: 0
        b: 0
        a: 1
    m_OnHover:
      m_Background: {fileID: 0}
      m_TextColor:
        r: 0
        g: 0
        b: 0
        a: 1
    m_OnActive:
      m_Background: {fileID: 0}
      m_TextColor:
        r: 0
        g: 0
        b: 0
        a: 1
    m_OnFocused:
      m_Background: {fileID: 0}
      m_TextColor:
        r: 0
        g: 0
        b: 0
        a: 1
    m_Border:
      m_Left: 0
      m_Right: 0
      m_Top: 0
      m_Bottom: 0
    m_Padding:
      m_Left: 0
      m_Right: 0
      m_Top: 0
      m_Bottom: 0
    m_Margin:
      m_Left: 0
      m_Right: 0
      m_Top: 0
      m_Bottom: 0
    m_Overflow:
      m_Left: 0
      m_Right: 0
      m_Top: 0
      m_Bottom: 0
    m_Font: {fileID: 0}
    m_ImagePosition: 0
    m_Alignment: 0
    m_WordWrap: 0
    m_TextClipping: 1
    m_ContentOffset: {x: 0, y: 0}
    m_FixedWidth: 0
    m_FixedHeight: 0
    m_StretchWidth: 1
    m_StretchHeight: 0
  restartButton:
    m_Name: 
    m_Normal:
      m_Background: {fileID: 2800000, guid: 906229472095b495398e9efe4cecfc14, type: 3}
      m_TextColor:
        r: 0
        g: 0
        b: 0
        a: 1
    m_Hover:
      m_Background: {fileID: 0}
      m_TextColor:
        r: 0
        g: 0
        b: 0
        a: 1
    m_Active:
      m_Background: {fileID: 2800000, guid: 2c8819d797e054a7ebe006176f64d0f8, type: 3}
      m_TextColor:
        r: 0
        g: 0
        b: 0
        a: 1
    m_Focused:
      m_Background: {fileID: 0}
      m_TextColor:
        r: 0
        g: 0
        b: 0
        a: 1
    m_OnNormal:
      m_Background: {fileID: 0}
      m_TextColor:
        r: 0
        g: 0
        b: 0
        a: 1
    m_OnHover:
      m_Background: {fileID: 0}
      m_TextColor:
        r: 0
        g: 0
        b: 0
        a: 1
    m_OnActive:
      m_Background: {fileID: 0}
      m_TextColor:
        r: 0
        g: 0
        b: 0
        a: 1
    m_OnFocused:
      m_Background: {fileID: 0}
      m_TextColor:
        r: 0
        g: 0
        b: 0
        a: 1
    m_Border:
      m_Left: 0
      m_Right: 0
      m_Top: 0
      m_Bottom: 0
    m_Padding:
      m_Left: 0
      m_Right: 0
      m_Top: 0
      m_Bottom: 0
    m_Margin:
      m_Left: 0
      m_Right: 0
      m_Top: 0
      m_Bottom: 0
    m_Overflow:
      m_Left: 0
      m_Right: 0
      m_Top: 0
      m_Bottom: 0
    m_Font: {fileID: 0}
    m_ImagePosition: 0
    m_Alignment: 0
    m_WordWrap: 0
    m_TextClipping: 1
    m_ContentOffset: {x: 0, y: 0}
    m_FixedWidth: 0
    m_FixedHeight: 0
    m_StretchWidth: 1
    m_StretchHeight: 0
  menuButton:
    m_Name: 
    m_Normal:
      m_Background: {fileID: 2800000, guid: bdfbb43d219124dafb51182e083ab959, type: 3}
      m_TextColor:
        r: 0
        g: 0
        b: 0
        a: 1
    m_Hover:
      m_Background: {fileID: 0}
      m_TextColor:
        r: 0
        g: 0
        b: 0
        a: 1
    m_Active:
      m_Background: {fileID: 2800000, guid: 01795f905d7f84027a84ede78fb1088a, type: 3}
      m_TextColor:
        r: 0
        g: 0
        b: 0
        a: 1
    m_Focused:
      m_Background: {fileID: 0}
      m_TextColor:
        r: 0
        g: 0
        b: 0
        a: 1
    m_OnNormal:
      m_Background: {fileID: 0}
      m_TextColor:
        r: 0
        g: 0
        b: 0
        a: 1
    m_OnHover:
      m_Background: {fileID: 0}
      m_TextColor:
        r: 0
        g: 0
        b: 0
        a: 1
    m_OnActive:
      m_Background: {fileID: 0}
      m_TextColor:
        r: 0
        g: 0
        b: 0
        a: 1
    m_OnFocused:
      m_Background: {fileID: 0}
      m_TextColor:
        r: 0
        g: 0
        b: 0
        a: 1
    m_Border:
      m_Left: 0
      m_Right: 0
      m_Top: 0
      m_Bottom: 0
    m_Padding:
      m_Left: 0
      m_Right: 0
      m_Top: 0
      m_Bottom: 0
    m_Margin:
      m_Left: 0
      m_Right: 0
      m_Top: 0
      m_Bottom: 0
    m_Overflow:
      m_Left: 0
      m_Right: 0
      m_Top: 0
      m_Bottom: 0
    m_Font: {fileID: 0}
    m_ImagePosition: 0
    m_Alignment: 0
    m_WordWrap: 0
    m_TextClipping: 1
    m_ContentOffset: {x: 0, y: 0}
    m_FixedWidth: 0
    m_FixedHeight: 0
    m_StretchWidth: 1
    m_StretchHeight: 0
  loseTexture: {fileID: 2800000, guid: e944ad1b41c5e4cd59f945442a2df3e4, type: 3}
  loseAudio: {fileID: 8300000, guid: b5ab7564fd5e444898cb15d44ee87e0a, type: 3}
--- !u!114 &155
MonoBehaviour:
  m_ObjectHideFlags: 0
  m_PrefabParentObject: {fileID: 0}
  m_PrefabInternal: {fileID: 150}
  m_GameObject: {fileID: 229}
  m_Enabled: 0
  m_EditorHideFlags: 0
  m_Script: {fileID: 11500000, guid: 2f6d4082dd7be484eaa84b1720d4bf0c, type: 3}
  m_Name: 
  m_EditorClassIdentifier: 
  alignCenterSkin: {fileID: 11400000, guid: 0303916e9fa764fe99152942e33a0d75, type: 2}
  smashTexture: {fileID: 2800000, guid: 39e125483c88d4579ace23520dd64333, type: 3}
  levelTexture: {fileID: 2800000, guid: 308ae4bf4722e4d8583e061466ee4816, type: 3}
  numTextures:
  - {fileID: 2800000, guid: 541df36bd446d46c58e7269ed3e363ae, type: 3}
  - {fileID: 2800000, guid: 7e0cb2865b20046f099c4ea13c74969e, type: 3}
  - {fileID: 2800000, guid: 5543dd15b488a40f0a30c8bfefdb1c6d, type: 3}
  - {fileID: 2800000, guid: f308f451895f647ad97bc7cea93d14f1, type: 3}
  - {fileID: 2800000, guid: 727d02499300342ac88aef61ca986cd3, type: 3}
  - {fileID: 2800000, guid: 842ae5774922d4cafa53254cc47be1e8, type: 3}
  - {fileID: 2800000, guid: df582993b3c8145dd84e9a4a9314882d, type: 3}
  - {fileID: 2800000, guid: de4d8450133594c6cafda79503c10053, type: 3}
  - {fileID: 2800000, guid: 87f97cb3477e848f89c61014655d9431, type: 3}
  - {fileID: 2800000, guid: 60e6d81be8bd143098b939f00f7ed3e7, type: 3}
--- !u!114 &157
MonoBehaviour:
  m_ObjectHideFlags: 0
  m_PrefabParentObject: {fileID: 0}
  m_PrefabInternal: {fileID: 150}
  m_GameObject: {fileID: 229}
  m_Enabled: 1
  m_EditorHideFlags: 0
  m_Script: {fileID: 11500000, guid: 40508ae5fc1394ae6bd4188e5237551e, type: 3}
  m_Name: 
  m_EditorClassIdentifier: 
  alpha: 1
  buttonsEnabled: 0
  startBackground:
    m_Name: 
    m_Normal:
      m_Background: {fileID: 2800000, guid: e87ad1165a302449f8ea406c6a57a691, type: 3}
      m_TextColor:
        r: 0
        g: 0
        b: 0
        a: 1
    m_Hover:
      m_Background: {fileID: 0}
      m_TextColor:
        r: 0
        g: 0
        b: 0
        a: 1
    m_Active:
      m_Background: {fileID: 0}
      m_TextColor:
        r: 0
        g: 0
        b: 0
        a: 1
    m_Focused:
      m_Background: {fileID: 0}
      m_TextColor:
        r: 0
        g: 0
        b: 0
        a: 1
    m_OnNormal:
      m_Background: {fileID: 0}
      m_TextColor:
        r: 0
        g: 0
        b: 0
        a: 1
    m_OnHover:
      m_Background: {fileID: 0}
      m_TextColor:
        r: 0
        g: 0
        b: 0
        a: 1
    m_OnActive:
      m_Background: {fileID: 0}
      m_TextColor:
        r: 0
        g: 0
        b: 0
        a: 1
    m_OnFocused:
      m_Background: {fileID: 0}
      m_TextColor:
        r: 0
        g: 0
        b: 0
        a: 1
    m_Border:
      m_Left: 0
      m_Right: 0
      m_Top: 0
      m_Bottom: 0
    m_Padding:
      m_Left: 0
      m_Right: 0
      m_Top: 0
      m_Bottom: 0
    m_Margin:
      m_Left: 0
      m_Right: 0
      m_Top: 0
      m_Bottom: 0
    m_Overflow:
      m_Left: 0
      m_Right: 0
      m_Top: 0
      m_Bottom: 0
    m_Font: {fileID: 0}
    m_ImagePosition: 0
    m_Alignment: 0
    m_WordWrap: 0
    m_TextClipping: 1
    m_ContentOffset: {x: 0, y: 0}
    m_FixedWidth: 0
    m_FixedHeight: 0
    m_StretchWidth: 1
    m_StretchHeight: 0
  startBackgroundHD:
    m_Name: 
    m_Normal:
      m_Background: {fileID: 2800000, guid: 58708fa703a824e1686b2abcd7a486b3, type: 3}
      m_TextColor:
        r: 0
        g: 0
        b: 0
        a: 1
    m_Hover:
      m_Background: {fileID: 0}
      m_TextColor:
        r: 0
        g: 0
        b: 0
        a: 1
    m_Active:
      m_Background: {fileID: 0}
      m_TextColor:
        r: 0
        g: 0
        b: 0
        a: 1
    m_Focused:
      m_Background: {fileID: 0}
      m_TextColor:
        r: 0
        g: 0
        b: 0
        a: 1
    m_OnNormal:
      m_Background: {fileID: 0}
      m_TextColor:
        r: 0
        g: 0
        b: 0
        a: 1
    m_OnHover:
      m_Background: {fileID: 0}
      m_TextColor:
        r: 0
        g: 0
        b: 0
        a: 1
    m_OnActive:
      m_Background: {fileID: 0}
      m_TextColor:
        r: 0
        g: 0
        b: 0
        a: 1
    m_OnFocused:
      m_Background: {fileID: 0}
      m_TextColor:
        r: 0
        g: 0
        b: 0
        a: 1
    m_Border:
      m_Left: 0
      m_Right: 0
      m_Top: 0
      m_Bottom: 0
    m_Padding:
      m_Left: 0
      m_Right: 0
      m_Top: 0
      m_Bottom: 0
    m_Margin:
      m_Left: 0
      m_Right: 0
      m_Top: 0
      m_Bottom: 0
    m_Overflow:
      m_Left: 0
      m_Right: 0
      m_Top: 0
      m_Bottom: 0
    m_Font: {fileID: 0}
    m_ImagePosition: 0
    m_Alignment: 0
    m_WordWrap: 0
    m_TextClipping: 1
    m_ContentOffset: {x: 0, y: 0}
    m_FixedWidth: 0
    m_FixedHeight: 0
    m_StretchWidth: 1
    m_StretchHeight: 0
  pauseButton:
    m_Name: 
    m_Normal:
      m_Background: {fileID: 2800000, guid: e6b5bafd2f1094f06a29ca97ca202220, type: 3}
      m_TextColor:
        r: 0
        g: 0
        b: 0
        a: 1
    m_Hover:
      m_Background: {fileID: 0}
      m_TextColor:
        r: 0
        g: 0
        b: 0
        a: 1
    m_Active:
      m_Background: {fileID: 2800000, guid: a9c702b55c1294fdea8fc016a36a39ff, type: 3}
      m_TextColor:
        r: 0
        g: 0
        b: 0
        a: 1
    m_Focused:
      m_Background: {fileID: 0}
      m_TextColor:
        r: 0
        g: 0
        b: 0
        a: 1
    m_OnNormal:
      m_Background: {fileID: 0}
      m_TextColor:
        r: 0
        g: 0
        b: 0
        a: 1
    m_OnHover:
      m_Background: {fileID: 0}
      m_TextColor:
        r: 0
        g: 0
        b: 0
        a: 1
    m_OnActive:
      m_Background: {fileID: 0}
      m_TextColor:
        r: 0
        g: 0
        b: 0
        a: 1
    m_OnFocused:
      m_Background: {fileID: 0}
      m_TextColor:
        r: 0
        g: 0
        b: 0
        a: 1
    m_Border:
      m_Left: 0
      m_Right: 0
      m_Top: 0
      m_Bottom: 0
    m_Padding:
      m_Left: 0
      m_Right: 0
      m_Top: 0
      m_Bottom: 0
    m_Margin:
      m_Left: 0
      m_Right: 0
      m_Top: 0
      m_Bottom: 0
    m_Overflow:
      m_Left: 0
      m_Right: 0
      m_Top: 0
      m_Bottom: 0
    m_Font: {fileID: 0}
    m_ImagePosition: 0
    m_Alignment: 0
    m_WordWrap: 0
    m_TextClipping: 1
    m_ContentOffset: {x: 0, y: 0}
    m_FixedWidth: 0
    m_FixedHeight: 0
    m_StretchWidth: 1
    m_StretchHeight: 0
  muteButton:
    m_Name: 
    m_Normal:
      m_Background: {fileID: 2800000, guid: 6c29cbdc0c1f44c61b0f5e39b05ebbd5, type: 3}
      m_TextColor:
        r: 0
        g: 0
        b: 0
        a: 1
    m_Hover:
      m_Background: {fileID: 0}
      m_TextColor:
        r: 0
        g: 0
        b: 0
        a: 1
    m_Active:
      m_Background: {fileID: 2800000, guid: 066f0433e810a4a71bf8b62335e12854, type: 3}
      m_TextColor:
        r: 0
        g: 0
        b: 0
        a: 1
    m_Focused:
      m_Background: {fileID: 0}
      m_TextColor:
        r: 0
        g: 0
        b: 0
        a: 1
    m_OnNormal:
      m_Background: {fileID: 2800000, guid: f343027df4ddf40c7b76d294faa36ab0, type: 3}
      m_TextColor:
        r: 0
        g: 0
        b: 0
        a: 1
    m_OnHover:
      m_Background: {fileID: 0}
      m_TextColor:
        r: 0
        g: 0
        b: 0
        a: 1
    m_OnActive:
      m_Background: {fileID: 0}
      m_TextColor:
        r: 0
        g: 0
        b: 0
        a: 1
    m_OnFocused:
      m_Background: {fileID: 0}
      m_TextColor:
        r: 0
        g: 0
        b: 0
        a: 1
    m_Border:
      m_Left: 0
      m_Right: 0
      m_Top: 0
      m_Bottom: 0
    m_Padding:
      m_Left: 0
      m_Right: 0
      m_Top: 0
      m_Bottom: 0
    m_Margin:
      m_Left: 0
      m_Right: 0
      m_Top: 0
      m_Bottom: 0
    m_Overflow:
      m_Left: 0
      m_Right: 0
      m_Top: 0
      m_Bottom: 0
    m_Font: {fileID: 0}
    m_ImagePosition: 0
    m_Alignment: 0
    m_WordWrap: 0
    m_TextClipping: 1
    m_ContentOffset: {x: 0, y: 0}
    m_FixedWidth: 0
    m_FixedHeight: 0
    m_StretchWidth: 1
    m_StretchHeight: 0
  muteOff: {fileID: 2800000, guid: 6c29cbdc0c1f44c61b0f5e39b05ebbd5, type: 3}
  muteOn: {fileID: 2800000, guid: f343027df4ddf40c7b76d294faa36ab0, type: 3}
  theScoreBar:
    m_Name: 
    m_Normal:
      m_Background: {fileID: 2800000, guid: 59e866989f5d3408bbff31d669dd0b77, type: 3}
      m_TextColor:
        r: 0
        g: 0
        b: 0
        a: 1
    m_Hover:
      m_Background: {fileID: 0}
      m_TextColor:
        r: 0
        g: 0
        b: 0
        a: 1
    m_Active:
      m_Background: {fileID: 0}
      m_TextColor:
        r: 0
        g: 0
        b: 0
        a: 1
    m_Focused:
      m_Background: {fileID: 0}
      m_TextColor:
        r: 0
        g: 0
        b: 0
        a: 1
    m_OnNormal:
      m_Background: {fileID: 0}
      m_TextColor:
        r: 0
        g: 0
        b: 0
        a: 1
    m_OnHover:
      m_Background: {fileID: 0}
      m_TextColor:
        r: 0
        g: 0
        b: 0
        a: 1
    m_OnActive:
      m_Background: {fileID: 0}
      m_TextColor:
        r: 0
        g: 0
        b: 0
        a: 1
    m_OnFocused:
      m_Background: {fileID: 0}
      m_TextColor:
        r: 0
        g: 0
        b: 0
        a: 1
    m_Border:
      m_Left: 0
      m_Right: 0
      m_Top: 0
      m_Bottom: 0
    m_Padding:
      m_Left: 0
      m_Right: 0
      m_Top: 0
      m_Bottom: 0
    m_Margin:
      m_Left: 0
      m_Right: 0
      m_Top: 0
      m_Bottom: 0
    m_Overflow:
      m_Left: 0
      m_Right: 0
      m_Top: 0
      m_Bottom: 0
    m_Font: {fileID: 0}
    m_ImagePosition: 0
    m_Alignment: 0
    m_WordWrap: 0
    m_TextClipping: 1
    m_ContentOffset: {x: 0, y: 0}
    m_FixedWidth: 0
    m_FixedHeight: 0
    m_StretchWidth: 1
    m_StretchHeight: 0
  theDamageBar:
    m_Name: 
    m_Normal:
      m_Background: {fileID: 2800000, guid: 0c066752bcace4061b6a1d35fe0eddf1, type: 3}
      m_TextColor:
        r: 0
        g: 0
        b: 0
        a: 1
    m_Hover:
      m_Background: {fileID: 0}
      m_TextColor:
        r: 0
        g: 0
        b: 0
        a: 1
    m_Active:
      m_Background: {fileID: 0}
      m_TextColor:
        r: 0
        g: 0
        b: 0
        a: 1
    m_Focused:
      m_Background: {fileID: 0}
      m_TextColor:
        r: 0
        g: 0
        b: 0
        a: 1
    m_OnNormal:
      m_Background: {fileID: 0}
      m_TextColor:
        r: 0
        g: 0
        b: 0
        a: 1
    m_OnHover:
      m_Background: {fileID: 0}
      m_TextColor:
        r: 0
        g: 0
        b: 0
        a: 1
    m_OnActive:
      m_Background: {fileID: 0}
      m_TextColor:
        r: 0
        g: 0
        b: 0
        a: 1
    m_OnFocused:
      m_Background: {fileID: 0}
      m_TextColor:
        r: 0
        g: 0
        b: 0
        a: 1
    m_Border:
      m_Left: 0
      m_Right: 0
      m_Top: 0
      m_Bottom: 0
    m_Padding:
      m_Left: 0
      m_Right: 0
      m_Top: 0
      m_Bottom: 0
    m_Margin:
      m_Left: 0
      m_Right: 0
      m_Top: 0
      m_Bottom: 0
    m_Overflow:
      m_Left: 0
      m_Right: 0
      m_Top: 0
      m_Bottom: 0
    m_Font: {fileID: 0}
    m_ImagePosition: 0
    m_Alignment: 0
    m_WordWrap: 0
    m_TextClipping: 1
    m_ContentOffset: {x: 0, y: 0}
    m_FixedWidth: 0
    m_FixedHeight: 0
    m_StretchWidth: 1
    m_StretchHeight: 0
  theFontStyle:
    m_Name: 
    m_Normal:
      m_Background: {fileID: 0}
      m_TextColor:
        r: 0.6690776
        g: 0.7161669
        b: 0.81312275
        a: 1
    m_Hover:
      m_Background: {fileID: 0}
      m_TextColor:
        r: 0
        g: 0
        b: 0
        a: 1
    m_Active:
      m_Background: {fileID: 0}
      m_TextColor:
        r: 0
        g: 0
        b: 0
        a: 1
    m_Focused:
      m_Background: {fileID: 0}
      m_TextColor:
        r: 0
        g: 0
        b: 0
        a: 1
    m_OnNormal:
      m_Background: {fileID: 0}
      m_TextColor:
        r: 0
        g: 0
        b: 0
        a: 1
    m_OnHover:
      m_Background: {fileID: 0}
      m_TextColor:
        r: 0
        g: 0
        b: 0
        a: 1
    m_OnActive:
      m_Background: {fileID: 0}
      m_TextColor:
        r: 0
        g: 0
        b: 0
        a: 1
    m_OnFocused:
      m_Background: {fileID: 0}
      m_TextColor:
        r: 0
        g: 0
        b: 0
        a: 1
    m_Border:
      m_Left: 0
      m_Right: 0
      m_Top: 0
      m_Bottom: 0
    m_Padding:
      m_Left: 0
      m_Right: 0
      m_Top: 0
      m_Bottom: 0
    m_Margin:
      m_Left: 0
      m_Right: 0
      m_Top: 0
      m_Bottom: 0
    m_Overflow:
      m_Left: 0
      m_Right: 0
      m_Top: 0
      m_Bottom: 0
    m_Font: {fileID: 0}
    m_ImagePosition: 0
    m_Alignment: 4
    m_WordWrap: 0
    m_TextClipping: 1
    m_ContentOffset: {x: 0, y: 0}
    m_FixedWidth: 0
    m_FixedHeight: 0
    m_StretchWidth: 1
    m_StretchHeight: 0
--- !u!114 &159
MonoBehaviour:
  m_ObjectHideFlags: 0
  m_PrefabParentObject: {fileID: 0}
  m_PrefabInternal: {fileID: 150}
  m_GameObject: {fileID: 229}
  m_Enabled: 0
  m_EditorHideFlags: 0
  m_Script: {fileID: 11500000, guid: dbdd1fd68aa8b472c9cec54413ceb37d, type: 3}
  m_Name: 
  m_EditorClassIdentifier: 
  resumeButton:
    m_Name: 
    m_Normal:
      m_Background: {fileID: 2800000, guid: 876314259de2841b5abd0bd564455cb9, type: 3}
      m_TextColor:
        r: 0
        g: 0
        b: 0
        a: 1
    m_Hover:
      m_Background: {fileID: 0}
      m_TextColor:
        r: 0
        g: 0
        b: 0
        a: 1
    m_Active:
      m_Background: {fileID: 2800000, guid: fa9483e18279c48c79e164110f716082, type: 3}
      m_TextColor:
        r: 0
        g: 0
        b: 0
        a: 1
    m_Focused:
      m_Background: {fileID: 0}
      m_TextColor:
        r: 0
        g: 0
        b: 0
        a: 1
    m_OnNormal:
      m_Background: {fileID: 0}
      m_TextColor:
        r: 0
        g: 0
        b: 0
        a: 1
    m_OnHover:
      m_Background: {fileID: 0}
      m_TextColor:
        r: 0
        g: 0
        b: 0
        a: 1
    m_OnActive:
      m_Background: {fileID: 0}
      m_TextColor:
        r: 0
        g: 0
        b: 0
        a: 1
    m_OnFocused:
      m_Background: {fileID: 0}
      m_TextColor:
        r: 0
        g: 0
        b: 0
        a: 1
    m_Border:
      m_Left: 0
      m_Right: 0
      m_Top: 0
      m_Bottom: 0
    m_Padding:
      m_Left: 0
      m_Right: 0
      m_Top: 0
      m_Bottom: 0
    m_Margin:
      m_Left: 0
      m_Right: 0
      m_Top: 0
      m_Bottom: 0
    m_Overflow:
      m_Left: 0
      m_Right: 0
      m_Top: 0
      m_Bottom: 0
    m_Font: {fileID: 0}
    m_ImagePosition: 0
    m_Alignment: 0
    m_WordWrap: 0
    m_TextClipping: 1
    m_ContentOffset: {x: 0, y: 0}
    m_FixedWidth: 0
    m_FixedHeight: 0
    m_StretchWidth: 1
    m_StretchHeight: 0
  restartButton:
    m_Name: 
    m_Normal:
      m_Background: {fileID: 2800000, guid: bdfbb43d219124dafb51182e083ab959, type: 3}
      m_TextColor:
        r: 0
        g: 0
        b: 0
        a: 1
    m_Hover:
      m_Background: {fileID: 0}
      m_TextColor:
        r: 0
        g: 0
        b: 0
        a: 1
    m_Active:
      m_Background: {fileID: 2800000, guid: 01795f905d7f84027a84ede78fb1088a, type: 3}
      m_TextColor:
        r: 0
        g: 0
        b: 0
        a: 1
    m_Focused:
      m_Background: {fileID: 0}
      m_TextColor:
        r: 0
        g: 0
        b: 0
        a: 1
    m_OnNormal:
      m_Background: {fileID: 0}
      m_TextColor:
        r: 0
        g: 0
        b: 0
        a: 1
    m_OnHover:
      m_Background: {fileID: 0}
      m_TextColor:
        r: 0
        g: 0
        b: 0
        a: 1
    m_OnActive:
      m_Background: {fileID: 0}
      m_TextColor:
        r: 0
        g: 0
        b: 0
        a: 1
    m_OnFocused:
      m_Background: {fileID: 0}
      m_TextColor:
        r: 0
        g: 0
        b: 0
        a: 1
    m_Border:
      m_Left: 0
      m_Right: 0
      m_Top: 0
      m_Bottom: 0
    m_Padding:
      m_Left: 0
      m_Right: 0
      m_Top: 0
      m_Bottom: 0
    m_Margin:
      m_Left: 0
      m_Right: 0
      m_Top: 0
      m_Bottom: 0
    m_Overflow:
      m_Left: 0
      m_Right: 0
      m_Top: 0
      m_Bottom: 0
    m_Font: {fileID: 0}
    m_ImagePosition: 0
    m_Alignment: 0
    m_WordWrap: 0
    m_TextClipping: 1
    m_ContentOffset: {x: 0, y: 0}
    m_FixedWidth: 0
    m_FixedHeight: 0
    m_StretchWidth: 1
    m_StretchHeight: 0
  startBackground:
    m_Name: 
    m_Normal:
      m_Background: {fileID: 2800000, guid: 837caf72c4f9540aaa3f0dbb3fb1665e, type: 3}
      m_TextColor:
        r: 0
        g: 0
        b: 0
        a: 1
    m_Hover:
      m_Background: {fileID: 0}
      m_TextColor:
        r: 0
        g: 0
        b: 0
        a: 1
    m_Active:
      m_Background: {fileID: 0}
      m_TextColor:
        r: 0
        g: 0
        b: 0
        a: 1
    m_Focused:
      m_Background: {fileID: 0}
      m_TextColor:
        r: 0
        g: 0
        b: 0
        a: 1
    m_OnNormal:
      m_Background: {fileID: 0}
      m_TextColor:
        r: 0
        g: 0
        b: 0
        a: 1
    m_OnHover:
      m_Background: {fileID: 0}
      m_TextColor:
        r: 0
        g: 0
        b: 0
        a: 1
    m_OnActive:
      m_Background: {fileID: 0}
      m_TextColor:
        r: 0
        g: 0
        b: 0
        a: 1
    m_OnFocused:
      m_Background: {fileID: 0}
      m_TextColor:
        r: 0
        g: 0
        b: 0
        a: 1
    m_Border:
      m_Left: 0
      m_Right: 0
      m_Top: 0
      m_Bottom: 0
    m_Padding:
      m_Left: 0
      m_Right: 0
      m_Top: 0
      m_Bottom: 0
    m_Margin:
      m_Left: 0
      m_Right: 0
      m_Top: 0
      m_Bottom: 0
    m_Overflow:
      m_Left: 0
      m_Right: 0
      m_Top: 0
      m_Bottom: 0
    m_Font: {fileID: 0}
    m_ImagePosition: 0
    m_Alignment: 0
    m_WordWrap: 0
    m_TextClipping: 1
    m_ContentOffset: {x: 0, y: 0}
    m_FixedWidth: 0
    m_FixedHeight: 0
    m_StretchWidth: 1
    m_StretchHeight: 0
  startBackgroundHD:
    m_Name: 
    m_Normal:
      m_Background: {fileID: 2800000, guid: d4f9b93dc5592427c98e0fd7ff514b0c, type: 3}
      m_TextColor:
        r: 0
        g: 0
        b: 0
        a: 1
    m_Hover:
      m_Background: {fileID: 0}
      m_TextColor:
        r: 0
        g: 0
        b: 0
        a: 1
    m_Active:
      m_Background: {fileID: 0}
      m_TextColor:
        r: 0
        g: 0
        b: 0
        a: 1
    m_Focused:
      m_Background: {fileID: 0}
      m_TextColor:
        r: 0
        g: 0
        b: 0
        a: 1
    m_OnNormal:
      m_Background: {fileID: 0}
      m_TextColor:
        r: 0
        g: 0
        b: 0
        a: 1
    m_OnHover:
      m_Background: {fileID: 0}
      m_TextColor:
        r: 0
        g: 0
        b: 0
        a: 1
    m_OnActive:
      m_Background: {fileID: 0}
      m_TextColor:
        r: 0
        g: 0
        b: 0
        a: 1
    m_OnFocused:
      m_Background: {fileID: 0}
      m_TextColor:
        r: 0
        g: 0
        b: 0
        a: 1
    m_Border:
      m_Left: 0
      m_Right: 0
      m_Top: 0
      m_Bottom: 0
    m_Padding:
      m_Left: 0
      m_Right: 0
      m_Top: 0
      m_Bottom: 0
    m_Margin:
      m_Left: 0
      m_Right: 0
      m_Top: 0
      m_Bottom: 0
    m_Overflow:
      m_Left: 0
      m_Right: 0
      m_Top: 0
      m_Bottom: 0
    m_Font: {fileID: 0}
    m_ImagePosition: 0
    m_Alignment: 0
    m_WordWrap: 0
    m_TextClipping: 1
    m_ContentOffset: {x: 0, y: 0}
    m_FixedWidth: 0
    m_FixedHeight: 0
    m_StretchWidth: 1
    m_StretchHeight: 0
  helpButton:
    m_Name: 
    m_Normal:
      m_Background: {fileID: 0}
      m_TextColor:
        r: 0
        g: 0
        b: 0
        a: 1
    m_Hover:
      m_Background: {fileID: 0}
      m_TextColor:
        r: 0
        g: 0
        b: 0
        a: 1
    m_Active:
      m_Background: {fileID: 0}
      m_TextColor:
        r: 0
        g: 0
        b: 0
        a: 1
    m_Focused:
      m_Background: {fileID: 0}
      m_TextColor:
        r: 0
        g: 0
        b: 0
        a: 1
    m_OnNormal:
      m_Background: {fileID: 0}
      m_TextColor:
        r: 0
        g: 0
        b: 0
        a: 1
    m_OnHover:
      m_Background: {fileID: 0}
      m_TextColor:
        r: 0
        g: 0
        b: 0
        a: 1
    m_OnActive:
      m_Background: {fileID: 0}
      m_TextColor:
        r: 0
        g: 0
        b: 0
        a: 1
    m_OnFocused:
      m_Background: {fileID: 0}
      m_TextColor:
        r: 0
        g: 0
        b: 0
        a: 1
    m_Border:
      m_Left: 0
      m_Right: 0
      m_Top: 0
      m_Bottom: 0
    m_Padding:
      m_Left: 0
      m_Right: 0
      m_Top: 0
      m_Bottom: 0
    m_Margin:
      m_Left: 0
      m_Right: 0
      m_Top: 0
      m_Bottom: 0
    m_Overflow:
      m_Left: 0
      m_Right: 0
      m_Top: 0
      m_Bottom: 0
    m_Font: {fileID: 0}
    m_ImagePosition: 0
    m_Alignment: 0
    m_WordWrap: 0
    m_TextClipping: 1
    m_ContentOffset: {x: 0, y: 0}
    m_FixedWidth: 0
    m_FixedHeight: 0
    m_StretchWidth: 1
    m_StretchHeight: 0
--- !u!82 &161
AudioSource:
  m_ObjectHideFlags: 0
  m_PrefabParentObject: {fileID: 0}
  m_PrefabInternal: {fileID: 150}
  m_GameObject: {fileID: 229}
  m_Enabled: 1
  serializedVersion: 4
  OutputAudioMixerGroup: {fileID: 0}
  m_audioClip: {fileID: 0}
  m_PlayOnAwake: 0
  m_Volume: 1
  m_Pitch: 1
  Loop: 0
  Mute: 0
  Spatialize: 0
  Priority: 128
  DopplerLevel: 1
  MinDistance: 1
  MaxDistance: 500
  Pan2D: 0
  rolloffMode: 2
  BypassEffects: 0
  BypassListenerEffects: 0
  BypassReverbZones: 0
  rolloffCustomCurve:
    serializedVersion: 2
    m_Curve:
    - time: 0
      value: 1
      inSlope: 0
      outSlope: 0
      tangentMode: 0
    - time: 0.1
      value: 1
      inSlope: 0
      outSlope: 0
      tangentMode: 0
    - time: 0.2
      value: 1
      inSlope: 0
      outSlope: 0
      tangentMode: 0
    - time: 0.4
      value: 1
      inSlope: 0
      outSlope: 0
      tangentMode: 0
    - time: 0.8
      value: 1
      inSlope: 0
      outSlope: 0
      tangentMode: 0
    - time: 1.6
      value: 0.9433963
      inSlope: -0.09036325
      outSlope: -0.0876762
      tangentMode: 0
    - time: 3.2
      value: 0.8196721
      inSlope: -0.0689961
      outSlope: -0.06546881
      tangentMode: 0
    - time: 6.4
      value: 0.64935064
      inSlope: -0.04399391
      outSlope: -0.04048329
      tangentMode: 0
    - time: 12.8
      value: 0.4587156
      inSlope: -0.02235456
      outSlope: -0.01987503
      tangentMode: 0
    - time: 25.6
      value: 0.28901735
      inSlope: -0.0090205
      outSlope: -0.0077776494
      tangentMode: 0
    - time: 51.2
      value: 0.16611296
      inSlope: -0.0030158467
      outSlope: -0.0025430636
      tangentMode: 0
    - time: 102.4
      value: 0.08976661
      inSlope: -0.0008873722
      outSlope: -0.0007379698
      tangentMode: 0
    - time: 204.8
      value: 0.04677268
      inSlope: -0.00024194451
      outSlope: -0.0001996441
      tangentMode: 0
    - time: 409.6
      value: 0.023889154
      inSlope: -0.000063258994
      outSlope: -0.00005198267
      tangentMode: 0
    - time: 500
      value: 0.019646365
      inSlope: 0
      outSlope: 0
      tangentMode: 0
    m_PreInfinity: 2
    m_PostInfinity: 2
    m_RotationOrder: 4
  panLevelCustomCurve:
    serializedVersion: 2
    m_Curve:
    - time: 0
      value: 0
      inSlope: 0
      outSlope: 0
      tangentMode: 0
    m_PreInfinity: 2
    m_PostInfinity: 2
    m_RotationOrder: 4
  spreadCustomCurve:
    serializedVersion: 2
    m_Curve:
    - time: 0
      value: 0
      inSlope: 0
      outSlope: 0
      tangentMode: 0
    m_PreInfinity: 2
    m_PostInfinity: 2
    m_RotationOrder: 4
  reverbZoneMixCustomCurve:
    serializedVersion: 2
    m_Curve:
    - time: 0
      value: 1
      inSlope: 0
      outSlope: 0
      tangentMode: 0
    m_PreInfinity: 2
    m_PostInfinity: 2
    m_RotationOrder: 4
--- !u!4 &165
Transform:
  m_ObjectHideFlags: 0
  m_PrefabParentObject: {fileID: 0}
  m_PrefabInternal: {fileID: 22}
  m_GameObject: {fileID: 186}
  m_LocalRotation: {x: 0, y: 0, z: 0.38268328, w: -0.92387956}
  m_LocalPosition: {x: 0.2, y: 0, z: 0}
  m_LocalScale: {x: 0.5, y: 0.5, z: 1}
  m_Children: []
  m_Father: {fileID: 169}
  m_RootOrder: 2
--- !u!4 &167
Transform:
  m_ObjectHideFlags: 0
  m_PrefabParentObject: {fileID: 0}
  m_PrefabInternal: {fileID: 22}
  m_GameObject: {fileID: 188}
  m_LocalRotation: {x: 0, y: 0, z: 0.9238795, w: -0.38268352}
  m_LocalPosition: {x: 0, y: -0.2, z: 0}
  m_LocalScale: {x: 0.5, y: 0.5, z: 1}
  m_Children: []
  m_Father: {fileID: 169}
  m_RootOrder: 0
--- !u!4 &169
Transform:
  m_ObjectHideFlags: 0
  m_PrefabParentObject: {fileID: 0}
  m_PrefabInternal: {fileID: 22}
  m_GameObject: {fileID: 235}
  m_LocalRotation: {x: 0, y: 0, z: 0, w: 1}
  m_LocalPosition: {x: 0, y: 2.5, z: 0}
  m_LocalScale: {x: 2, y: 2, z: 1}
  m_Children:
  - {fileID: 167}
  - {fileID: 177}
  - {fileID: 165}
  - {fileID: 183}
  m_Father: {fileID: 43}
  m_RootOrder: 0
--- !u!111 &171
Animation:
  m_ObjectHideFlags: 0
  m_PrefabParentObject: {fileID: 0}
  m_PrefabInternal: {fileID: 22}
  m_GameObject: {fileID: 237}
  m_Enabled: 1
  serializedVersion: 3
  m_Animation: {fileID: 0}
  m_Animations: []
  m_WrapMode: 0
  m_PlayAutomatically: 1
  m_AnimatePhysics: 0
  m_CullingType: 0
--- !u!23 &173
MeshRenderer:
  m_ObjectHideFlags: 0
  m_PrefabParentObject: {fileID: 0}
  m_PrefabInternal: {fileID: 22}
  m_GameObject: {fileID: 237}
  m_Enabled: 0
  m_CastShadows: 1
  m_ReceiveShadows: 1
  m_Materials:
  - {fileID: 2100000, guid: 0c415682ad3fe44bab75fdb8575a63a9, type: 2}
  m_SubsetIndices: 
  m_StaticBatchRoot: {fileID: 0}
  m_UseLightProbes: 1
  m_ReflectionProbeUsage: 1
  m_ProbeAnchor: {fileID: 0}
  m_ScaleInLightmap: 1
  m_PreserveUVs: 0
  m_IgnoreNormalsForChartDetection: 0
  m_ImportantGI: 0
  m_MinimumChartSize: 4
  m_AutoUVMaxDistance: 0.5
  m_AutoUVMaxAngle: 89
  m_LightmapParameters: {fileID: 0}
  m_SortingLayerID: 0
  m_SortingOrder: 0
--- !u!33 &175
MeshFilter:
  m_ObjectHideFlags: 0
  m_PrefabParentObject: {fileID: 0}
  m_PrefabInternal: {fileID: 22}
  m_GameObject: {fileID: 237}
  m_Mesh: {fileID: 4300000, guid: 009c99c28544747ea88bf27e934434f0, type: 3}
--- !u!4 &177
Transform:
  m_ObjectHideFlags: 0
  m_PrefabParentObject: {fileID: 0}
  m_PrefabInternal: {fileID: 22}
  m_GameObject: {fileID: 237}
  m_LocalRotation: {x: 0, y: 0, z: 0.92387956, w: 0.38268346}
  m_LocalPosition: {x: -0.2, y: 0, z: 0}
  m_LocalScale: {x: 0.5, y: 0.5, z: 1}
  m_Children: []
  m_Father: {fileID: 169}
  m_RootOrder: 1
--- !u!23 &179
MeshRenderer:
  m_ObjectHideFlags: 0
  m_PrefabParentObject: {fileID: 0}
  m_PrefabInternal: {fileID: 22}
  m_GameObject: {fileID: 19}
  m_Enabled: 0
  m_CastShadows: 1
  m_ReceiveShadows: 1
  m_Materials:
  - {fileID: 2100000, guid: 0c415682ad3fe44bab75fdb8575a63a9, type: 2}
  m_SubsetIndices: 
  m_StaticBatchRoot: {fileID: 0}
  m_UseLightProbes: 1
  m_ReflectionProbeUsage: 1
  m_ProbeAnchor: {fileID: 0}
  m_ScaleInLightmap: 1
  m_PreserveUVs: 0
  m_IgnoreNormalsForChartDetection: 0
  m_ImportantGI: 0
  m_MinimumChartSize: 4
  m_AutoUVMaxDistance: 0.5
  m_AutoUVMaxAngle: 89
  m_LightmapParameters: {fileID: 0}
  m_SortingLayerID: 0
  m_SortingOrder: 0
--- !u!33 &181
MeshFilter:
  m_ObjectHideFlags: 0
  m_PrefabParentObject: {fileID: 0}
  m_PrefabInternal: {fileID: 22}
  m_GameObject: {fileID: 19}
  m_Mesh: {fileID: 4300000, guid: 009c99c28544747ea88bf27e934434f0, type: 3}
--- !u!4 &183
Transform:
  m_ObjectHideFlags: 0
  m_PrefabParentObject: {fileID: 0}
  m_PrefabInternal: {fileID: 22}
  m_GameObject: {fileID: 19}
  m_LocalRotation: {x: 0, y: 0, z: 0.38268346, w: 0.9238795}
  m_LocalPosition: {x: 0, y: 0.2, z: 0}
  m_LocalScale: {x: 0.5, y: 0.5, z: 1}
  m_Children: []
  m_Father: {fileID: 169}
  m_RootOrder: 3
--- !u!1 &186
GameObject:
  m_ObjectHideFlags: 0
  m_PrefabParentObject: {fileID: 0}
  m_PrefabInternal: {fileID: 22}
  serializedVersion: 4
  m_Component:
  - 4: {fileID: 165}
  - 33: {fileID: 41}
  - 23: {fileID: 39}
  - 111: {fileID: 37}
  m_Layer: 0
  m_Name: outerRing1
  m_TagString: Untagged
  m_Icon: {fileID: 0}
  m_NavMeshLayer: 0
  m_StaticEditorFlags: 0
  m_IsActive: 1
--- !u!1 &188
GameObject:
  m_ObjectHideFlags: 0
  m_PrefabParentObject: {fileID: 0}
  m_PrefabInternal: {fileID: 22}
  serializedVersion: 4
  m_Component:
  - 4: {fileID: 167}
  - 33: {fileID: 25}
  - 23: {fileID: 27}
  - 111: {fileID: 23}
  m_Layer: 0
  m_Name: outerRing4
  m_TagString: Untagged
  m_Icon: {fileID: 0}
  m_NavMeshLayer: 0
  m_StaticEditorFlags: 0
  m_IsActive: 1
--- !u!1 &190
GameObject:
  m_ObjectHideFlags: 0
  m_PrefabParentObject: {fileID: 0}
  m_PrefabInternal: {fileID: 47}
  serializedVersion: 4
  m_Component:
  - 4: {fileID: 45}
  - 114: {fileID: 50}
  - 82: {fileID: 48}
  m_Layer: 0
  m_Name: SFX
  m_TagString: Untagged
  m_Icon: {fileID: 0}
  m_NavMeshLayer: 0
  m_StaticEditorFlags: 0
  m_IsActive: 1
--- !u!1 &192
GameObject:
  m_ObjectHideFlags: 0
  m_PrefabParentObject: {fileID: 0}
  m_PrefabInternal: {fileID: 0}
  serializedVersion: 4
  m_Component:
  - 4: {fileID: 53}
  - 108: {fileID: 193}
  m_Layer: 0
  m_Name: Directional light
  m_TagString: Untagged
  m_Icon: {fileID: 0}
  m_NavMeshLayer: 0
  m_StaticEditorFlags: 0
  m_IsActive: 1
--- !u!108 &193
Light:
  m_ObjectHideFlags: 0
  m_PrefabParentObject: {fileID: 0}
  m_PrefabInternal: {fileID: 0}
  m_GameObject: {fileID: 192}
  m_Enabled: 1
  serializedVersion: 6
  m_Type: 1
  m_Color: {r: 1, g: 1, b: 1, a: 1}
  m_Intensity: 1
  m_Range: 10
  m_SpotAngle: 30
  m_CookieSize: 60
  m_Shadows:
    m_Type: 0
    m_Resolution: -1
    m_Strength: 0.8
    m_Bias: 0.05
    m_NormalBias: 0.4
    m_NearPlane: 0.2
  m_Cookie: {fileID: 0}
  m_DrawHalo: 0
  m_Flare: {fileID: 0}
  m_RenderMode: 0
  m_CullingMask:
    serializedVersion: 2
    m_Bits: 4294967295
  m_Lightmapping: 1
  m_BounceIntensity: 1
  m_ShadowRadius: 0
  m_ShadowAngle: 0
  m_AreaSize: {x: 1, y: 1}
--- !u!1 &195
GameObject:
  m_ObjectHideFlags: 0
  m_PrefabParentObject: {fileID: 0}
  m_PrefabInternal: {fileID: 57}
  serializedVersion: 4
  m_Component:
  - 4: {fileID: 55}
  - 33: {fileID: 66}
  - 23: {fileID: 64}
  - 114: {fileID: 62}
  m_Layer: 0
  m_Name: fadePlane
  m_TagString: Untagged
  m_Icon: {fileID: 0}
  m_NavMeshLayer: 0
  m_StaticEditorFlags: 0
  m_IsActive: 1
--- !u!1 &197
GameObject:
  m_ObjectHideFlags: 0
  m_PrefabParentObject: {fileID: 0}
  m_PrefabInternal: {fileID: 57}
  serializedVersion: 4
  m_Component:
  - 4: {fileID: 80}
  - 33: {fileID: 70}
  - 23: {fileID: 68}
  m_Layer: 0
  m_Name: backgroundPlane
  m_TagString: Untagged
  m_Icon: {fileID: 0}
  m_NavMeshLayer: 0
  m_StaticEditorFlags: 0
  m_IsActive: 1
--- !u!1 &199
GameObject:
  m_ObjectHideFlags: 0
  m_PrefabParentObject: {fileID: 0}
  m_PrefabInternal: {fileID: 57}
  serializedVersion: 4
  m_Component:
  - 4: {fileID: 82}
  - 33: {fileID: 74}
  - 23: {fileID: 72}
  m_Layer: 0
  m_Name: groundPlane
  m_TagString: Untagged
  m_Icon: {fileID: 0}
  m_NavMeshLayer: 0
  m_StaticEditorFlags: 0
  m_IsActive: 1
--- !u!1 &201
GameObject:
  m_ObjectHideFlags: 0
  m_PrefabParentObject: {fileID: 0}
  m_PrefabInternal: {fileID: 57}
  serializedVersion: 4
  m_Component:
  - 4: {fileID: 84}
  - 33: {fileID: 78}
  - 23: {fileID: 76}
  m_Layer: 0
  m_Name: rightWallPlane
  m_TagString: Untagged
  m_Icon: {fileID: 0}
  m_NavMeshLayer: 0
  m_StaticEditorFlags: 0
  m_IsActive: 1
--- !u!1 &203
GameObject:
  m_ObjectHideFlags: 0
  m_PrefabParentObject: {fileID: 0}
  m_PrefabInternal: {fileID: 57}
  serializedVersion: 4
  m_Component:
  - 4: {fileID: 86}
  - 33: {fileID: 60}
  - 23: {fileID: 58}
  m_Layer: 0
  m_Name: leftWallPlane
  m_TagString: Untagged
  m_Icon: {fileID: 0}
  m_NavMeshLayer: 0
  m_StaticEditorFlags: 0
  m_IsActive: 1
--- !u!1 &205
GameObject:
  m_ObjectHideFlags: 0
  m_PrefabParentObject: {fileID: 0}
  m_PrefabInternal: {fileID: 57}
  serializedVersion: 4
  m_Component:
  - 4: {fileID: 54}
  m_Layer: 0
  m_Name: foreBackGroundPlanes
  m_TagString: Untagged
  m_Icon: {fileID: 0}
  m_NavMeshLayer: 0
  m_StaticEditorFlags: 0
  m_IsActive: 1
--- !u!1 &207
GameObject:
  m_ObjectHideFlags: 0
  m_PrefabParentObject: {fileID: 0}
  m_PrefabInternal: {fileID: 93}
  serializedVersion: 4
  m_Component:
  - 4: {fileID: 91}
  - 33: {fileID: 114}
  - 23: {fileID: 112}
  m_Layer: 0
  m_Name: Cube
  m_TagString: Untagged
  m_Icon: {fileID: 0}
  m_NavMeshLayer: 0
  m_StaticEditorFlags: 0
  m_IsActive: 1
--- !u!1 &209
GameObject:
  m_ObjectHideFlags: 0
  m_PrefabParentObject: {fileID: 0}
  m_PrefabInternal: {fileID: 93}
  serializedVersion: 4
  m_Component:
  - 4: {fileID: 90}
  - 65: {fileID: 104}
  m_Layer: 0
  m_Name: ceiling
  m_TagString: Untagged
  m_Icon: {fileID: 0}
  m_NavMeshLayer: 0
  m_StaticEditorFlags: 0
  m_IsActive: 1
--- !u!1 &211
GameObject:
  m_ObjectHideFlags: 0
  m_PrefabParentObject: {fileID: 0}
  m_PrefabInternal: {fileID: 93}
  serializedVersion: 4
  m_Component:
  - 4: {fileID: 118}
  - 33: {fileID: 110}
  - 23: {fileID: 108}
  m_Layer: 0
  m_Name: Cube
  m_TagString: Untagged
  m_Icon: {fileID: 0}
  m_NavMeshLayer: 0
  m_StaticEditorFlags: 0
  m_IsActive: 1
--- !u!1 &213
GameObject:
  m_ObjectHideFlags: 0
  m_PrefabParentObject: {fileID: 0}
  m_PrefabInternal: {fileID: 93}
  serializedVersion: 4
  m_Component:
  - 4: {fileID: 125}
  - 65: {fileID: 102}
  m_Layer: 0
  m_Name: rightWall
  m_TagString: wall
  m_Icon: {fileID: 0}
  m_NavMeshLayer: 0
  m_StaticEditorFlags: 0
  m_IsActive: 1
--- !u!1 &215
GameObject:
  m_ObjectHideFlags: 0
  m_PrefabParentObject: {fileID: 0}
  m_PrefabInternal: {fileID: 93}
  serializedVersion: 4
  m_Component:
  - 4: {fileID: 120}
  - 33: {fileID: 100}
  - 23: {fileID: 98}
  m_Layer: 0
  m_Name: Cube
  m_TagString: Untagged
  m_Icon: {fileID: 0}
  m_NavMeshLayer: 0
  m_StaticEditorFlags: 0
  m_IsActive: 1
--- !u!1 &217
GameObject:
  m_ObjectHideFlags: 0
  m_PrefabParentObject: {fileID: 0}
  m_PrefabInternal: {fileID: 93}
  serializedVersion: 4
  m_Component:
  - 4: {fileID: 127}
  - 65: {fileID: 106}
  m_Layer: 0
  m_Name: leftWall
  m_TagString: wall
  m_Icon: {fileID: 0}
  m_NavMeshLayer: 0
  m_StaticEditorFlags: 0
  m_IsActive: 1
--- !u!1 &219
GameObject:
  m_ObjectHideFlags: 0
  m_PrefabParentObject: {fileID: 0}
  m_PrefabInternal: {fileID: 93}
  serializedVersion: 4
  m_Component:
  - 4: {fileID: 122}
  - 33: {fileID: 96}
  - 23: {fileID: 94}
  m_Layer: 0
  m_Name: Cube
  m_TagString: Untagged
  m_Icon: {fileID: 0}
  m_NavMeshLayer: 0
  m_StaticEditorFlags: 0
  m_IsActive: 1
--- !u!1 &221
GameObject:
  m_ObjectHideFlags: 0
  m_PrefabParentObject: {fileID: 0}
  m_PrefabInternal: {fileID: 93}
  serializedVersion: 4
  m_Component:
  - 4: {fileID: 129}
  - 65: {fileID: 116}
  m_Layer: 0
  m_Name: floor
  m_TagString: wall
  m_Icon: {fileID: 0}
  m_NavMeshLayer: 0
  m_StaticEditorFlags: 0
  m_IsActive: 1
--- !u!1 &223
GameObject:
  m_ObjectHideFlags: 0
  m_PrefabParentObject: {fileID: 0}
  m_PrefabInternal: {fileID: 93}
  serializedVersion: 4
  m_Component:
  - 4: {fileID: 89}
  m_Layer: 0
  m_Name: sceneBoundaries
  m_TagString: Untagged
  m_Icon: {fileID: 0}
  m_NavMeshLayer: 0
  m_StaticEditorFlags: 0
  m_IsActive: 1
--- !u!1 &225
GameObject:
  m_ObjectHideFlags: 0
  m_PrefabParentObject: {fileID: 0}
  m_PrefabInternal: {fileID: 0}
  serializedVersion: 4
  m_Component:
  - 4: {fileID: 52}
  m_Layer: 0
  m_Name: Scene
  m_TagString: Untagged
  m_Icon: {fileID: 0}
  m_NavMeshLayer: 0
  m_StaticEditorFlags: 0
  m_IsActive: 1
--- !u!1 &227
GameObject:
  m_ObjectHideFlags: 0
  m_PrefabParentObject: {fileID: 0}
  m_PrefabInternal: {fileID: 135}
  serializedVersion: 4
  m_Component:
  - 4: {fileID: 133}
  - 114: {fileID: 142}
  - 114: {fileID: 140}
  - 114: {fileID: 138}
  - 114: {fileID: 136}
  - 114: {fileID: 144}
  - 114: {fileID: 146}
  m_Layer: 0
  m_Name: levelScripts
  m_TagString: Untagged
  m_Icon: {fileID: 0}
  m_NavMeshLayer: 0
  m_StaticEditorFlags: 0
  m_IsActive: 1
--- !u!1 &229
GameObject:
  m_ObjectHideFlags: 0
  m_PrefabParentObject: {fileID: 0}
  m_PrefabInternal: {fileID: 150}
  serializedVersion: 4
  m_Component:
  - 4: {fileID: 148}
  - 114: {fileID: 157}
  - 114: {fileID: 155}
  - 114: {fileID: 153}
  - 114: {fileID: 151}
  - 114: {fileID: 159}
  - 82: {fileID: 161}
  m_Layer: 0
  m_Name: gameGUI
  m_TagString: gui
  m_Icon: {fileID: 0}
  m_NavMeshLayer: 0
  m_StaticEditorFlags: 0
  m_IsActive: 1
--- !u!1 &231
GameObject:
  m_ObjectHideFlags: 0
  m_PrefabParentObject: {fileID: 0}
  m_PrefabInternal: {fileID: 0}
  serializedVersion: 4
  m_Component:
  - 4: {fileID: 44}
  m_Layer: 0
  m_Name: '*Other*'
  m_TagString: Untagged
  m_Icon: {fileID: 0}
  m_NavMeshLayer: 0
  m_StaticEditorFlags: 0
  m_IsActive: 1
--- !u!1 &233
GameObject:
  m_ObjectHideFlags: 0
  m_PrefabParentObject: {fileID: 0}
  m_PrefabInternal: {fileID: 22}
  serializedVersion: 4
  m_Component:
  - 4: {fileID: 43}
  - 54: {fileID: 35}
  - 145: {fileID: 33}
  - 114: {fileID: 31}
  m_Layer: 0
  m_Name: rigidBodyDragger
  m_TagString: Untagged
  m_Icon: {fileID: 0}
  m_NavMeshLayer: 0
  m_StaticEditorFlags: 0
  m_IsActive: 1
--- !u!1 &235
GameObject:
  m_ObjectHideFlags: 0
  m_PrefabParentObject: {fileID: 0}
  m_PrefabInternal: {fileID: 22}
  serializedVersion: 4
  m_Component:
  - 4: {fileID: 169}
  - 33: {fileID: 29}
  m_Layer: 0
  m_Name: selectionRing
  m_TagString: Untagged
  m_Icon: {fileID: 0}
  m_NavMeshLayer: 0
  m_StaticEditorFlags: 0
  m_IsActive: 1
--- !u!1 &237
GameObject:
  m_ObjectHideFlags: 0
  m_PrefabParentObject: {fileID: 0}
  m_PrefabInternal: {fileID: 22}
  serializedVersion: 4
  m_Component:
  - 4: {fileID: 177}
  - 33: {fileID: 175}
  - 23: {fileID: 173}
  - 111: {fileID: 171}
  m_Layer: 0
  m_Name: outerRing2
  m_TagString: Untagged
  m_Icon: {fileID: 0}
  m_NavMeshLayer: 0
  m_StaticEditorFlags: 0
  m_IsActive: 1
--- !u!1 &239
GameObject:
  m_ObjectHideFlags: 0
  m_PrefabParentObject: {fileID: 0}
  m_PrefabInternal: {fileID: 0}
  serializedVersion: 4
  m_Component:
  - 4: {fileID: 249}
  - 20: {fileID: 247}
  - 92: {fileID: 246}
  - 124: {fileID: 244}
  - 81: {fileID: 243}
  - 125: {fileID: 242}
  - 114: {fileID: 240}
  m_Layer: 0
  m_Name: Main Camera
  m_TagString: MainCamera
  m_Icon: {fileID: 0}
  m_NavMeshLayer: 0
  m_StaticEditorFlags: 0
  m_IsActive: 1
--- !u!114 &240
MonoBehaviour:
  m_ObjectHideFlags: 0
  m_PrefabParentObject: {fileID: 0}
  m_PrefabInternal: {fileID: 0}
  m_GameObject: {fileID: 239}
  m_Enabled: 1
  m_EditorHideFlags: 0
  m_Script: {fileID: 11500000, guid: 0c3da0948498a437781e49129eb872c5, type: 3}
  m_Name: 
  m_EditorClassIdentifier: 
  fadeOutTexture: {fileID: 2800000, guid: b6ff5303898024e71a6f9b6ebf8b0fbb, type: 3}
  loadingTexture: {fileID: 2800000, guid: 877e380ee405f4635b9f9f60d20b6aec, type: 3}
  startWithFade: 1
  startFadeIn: 1
  startOpaque: 1
  minAlpha: 0
  maxAlpha: 1
  fadeSpeed: 2
  loopYield: 0
  fadeComplete: 0
  displayLoading: 0
--- !u!125 &242
Behaviour:
  m_ObjectHideFlags: 0
  m_PrefabParentObject: {fileID: 0}
  m_PrefabInternal: {fileID: 0}
  m_GameObject: {fileID: 239}
  m_Enabled: 1
--- !u!81 &243
AudioListener:
  m_ObjectHideFlags: 0
  m_PrefabParentObject: {fileID: 0}
  m_PrefabInternal: {fileID: 0}
  m_GameObject: {fileID: 239}
  m_Enabled: 1
--- !u!124 &244
Behaviour:
  m_ObjectHideFlags: 0
  m_PrefabParentObject: {fileID: 0}
  m_PrefabInternal: {fileID: 0}
  m_GameObject: {fileID: 239}
  m_Enabled: 1
--- !u!92 &246
Behaviour:
  m_ObjectHideFlags: 0
  m_PrefabParentObject: {fileID: 0}
  m_PrefabInternal: {fileID: 0}
  m_GameObject: {fileID: 239}
  m_Enabled: 1
--- !u!20 &247
Camera:
  m_ObjectHideFlags: 0
  m_PrefabParentObject: {fileID: 0}
  m_PrefabInternal: {fileID: 0}
  m_GameObject: {fileID: 239}
  m_Enabled: 1
  serializedVersion: 2
  m_ClearFlags: 1
  m_BackGroundColor: {r: 0, g: 0, b: 0, a: 1}
  m_NormalizedViewPortRect:
    serializedVersion: 2
    x: 0
    y: 0
    width: 1
    height: 1
  near clip plane: 0.3
  far clip plane: 1000
  field of view: 60
  orthographic: 1
  orthographic size: 2
  m_Depth: -1
  m_CullingMask:
    serializedVersion: 2
    m_Bits: 4294967295
  m_RenderingPath: -1
  m_TargetTexture: {fileID: 0}
  m_TargetDisplay: 0
  m_TargetEye: 3
  m_HDR: 0
  m_OcclusionCulling: 1
  m_StereoConvergence: 10
  m_StereoSeparation: 0.022
  m_StereoMirrorMode: 0
--- !u!4 &249
Transform:
  m_ObjectHideFlags: 0
  m_PrefabParentObject: {fileID: 0}
  m_PrefabInternal: {fileID: 0}
  m_GameObject: {fileID: 239}
  m_LocalRotation: {x: 0, y: 1, z: 0, w: -0.00000004371139}
  m_LocalPosition: {x: 0, y: 2.25, z: 5}
  m_LocalScale: {x: 1, y: 1, z: 1}
  m_Children: []
  m_Father: {fileID: 0}
  m_RootOrder: 2
--- !u!1 &251
GameObject:
  m_ObjectHideFlags: 0
  m_PrefabParentObject: {fileID: 0}
  m_PrefabInternal: {fileID: 254}
  serializedVersion: 4
  m_Component:
  - 4: {fileID: 265}
  - 33: {fileID: 263}
  - 23: {fileID: 252}
  m_Layer: 0
  m_Name: damagePlane
  m_TagString: Untagged
  m_Icon: {fileID: 0}
  m_NavMeshLayer: 0
  m_StaticEditorFlags: 0
  m_IsActive: 1
--- !u!23 &252
MeshRenderer:
  m_ObjectHideFlags: 0
  m_PrefabParentObject: {fileID: 0}
  m_PrefabInternal: {fileID: 254}
  m_GameObject: {fileID: 251}
  m_Enabled: 1
  m_CastShadows: 1
  m_ReceiveShadows: 1
  m_Materials:
  - {fileID: 2100000, guid: 81dbeb47d3a3749e88b0de6c9586f83e, type: 2}
  m_SubsetIndices: 
  m_StaticBatchRoot: {fileID: 0}
  m_UseLightProbes: 1
  m_ReflectionProbeUsage: 1
  m_ProbeAnchor: {fileID: 0}
  m_ScaleInLightmap: 1
  m_PreserveUVs: 0
  m_IgnoreNormalsForChartDetection: 0
  m_ImportantGI: 0
  m_MinimumChartSize: 4
  m_AutoUVMaxDistance: 0.5
  m_AutoUVMaxAngle: 89
  m_LightmapParameters: {fileID: 0}
  m_SortingLayerID: 0
  m_SortingOrder: 0
--- !u!1001 &254
Prefab:
  m_ObjectHideFlags: 0
  serializedVersion: 2
  m_Modification:
    m_TransformParent: {fileID: 0}
    m_Modifications: []
    m_RemovedComponents: []
  m_ParentPrefab: {fileID: 100100000, guid: 98b156d04f26f43c5b50bea16a2e29d3, type: 2}
  m_RootGameObject: {fileID: 268}
  m_IsPrefabParent: 0
--- !u!65 &255
BoxCollider:
  m_ObjectHideFlags: 0
  m_PrefabParentObject: {fileID: 0}
  m_PrefabInternal: {fileID: 254}
  m_GameObject: {fileID: 268}
  m_Material: {fileID: 0}
  m_IsTrigger: 0
  m_Enabled: 1
  serializedVersion: 2
  m_Size: {x: 0.42999998, y: 0.38, z: 1}
  m_Center: {x: 0, y: -0.058, z: 0}
--- !u!23 &257
MeshRenderer:
  m_ObjectHideFlags: 0
  m_PrefabParentObject: {fileID: 0}
  m_PrefabInternal: {fileID: 254}
  m_GameObject: {fileID: 268}
  m_Enabled: 1
  m_CastShadows: 1
  m_ReceiveShadows: 1
  m_Materials:
  - {fileID: 2100000, guid: 3fac796c4956e4162aca8b0a923b451e, type: 2}
  m_SubsetIndices: 
  m_StaticBatchRoot: {fileID: 0}
  m_UseLightProbes: 1
  m_ReflectionProbeUsage: 1
  m_ProbeAnchor: {fileID: 0}
  m_ScaleInLightmap: 1
  m_PreserveUVs: 0
  m_IgnoreNormalsForChartDetection: 0
  m_ImportantGI: 0
  m_MinimumChartSize: 4
  m_AutoUVMaxDistance: 0.5
  m_AutoUVMaxAngle: 89
  m_LightmapParameters: {fileID: 0}
  m_SortingLayerID: 0
  m_SortingOrder: 0
--- !u!33 &259
MeshFilter:
  m_ObjectHideFlags: 0
  m_PrefabParentObject: {fileID: 0}
  m_PrefabInternal: {fileID: 254}
  m_GameObject: {fileID: 268}
  m_Mesh: {fileID: 4300000, guid: 009c99c28544747ea88bf27e934434f0, type: 3}
--- !u!4 &261
Transform:
  m_ObjectHideFlags: 0
  m_PrefabParentObject: {fileID: 0}
  m_PrefabInternal: {fileID: 254}
  m_GameObject: {fileID: 268}
  m_LocalRotation: {x: 0, y: 0, z: 0, w: 1}
  m_LocalPosition: {x: -0.7661241, y: 1, z: 0}
  m_LocalScale: {x: 2, y: 2, z: 2}
  m_Children:
  - {fileID: 265}
  m_Father: {fileID: 0}
  m_RootOrder: 1
--- !u!33 &263
MeshFilter:
  m_ObjectHideFlags: 0
  m_PrefabParentObject: {fileID: 0}
  m_PrefabInternal: {fileID: 254}
  m_GameObject: {fileID: 251}
  m_Mesh: {fileID: 4300000, guid: 009c99c28544747ea88bf27e934434f0, type: 3}
--- !u!4 &265
Transform:
  m_ObjectHideFlags: 0
  m_PrefabParentObject: {fileID: 0}
  m_PrefabInternal: {fileID: 254}
  m_GameObject: {fileID: 251}
  m_LocalRotation: {x: 0, y: 0, z: 0, w: 1}
  m_LocalPosition: {x: 0, y: 0, z: 0.05}
  m_LocalScale: {x: 1, y: 1, z: 1}
  m_Children: []
  m_Father: {fileID: 261}
  m_RootOrder: 0
--- !u!1 &268
GameObject:
  m_ObjectHideFlags: 0
  m_PrefabParentObject: {fileID: 0}
  m_PrefabInternal: {fileID: 254}
  serializedVersion: 4
  m_Component:
  - 4: {fileID: 261}
  - 33: {fileID: 259}
  - 23: {fileID: 257}
  - 65: {fileID: 255}
  m_Layer: 0
  m_Name: enemyPumpkin3
  m_TagString: enemy
  m_Icon: {fileID: 0}
  m_NavMeshLayer: 0
  m_StaticEditorFlags: 0
  m_IsActive: 1
